3114 5088
762 505 902 562 44..

324 657 444 712 causas
469 635 597 728 praebet
620 639 655 705 ci
676 631 868 703 desidentis
890 631 1067 722 religionis
1090 631 1209 702 baberi
1225 635 1353 723 potest

327 744 575 818 testimonium.

352 856 486 942 ‚ltaque
510 849 654 929 comici,
692 848 836 918 deorum
876 867 1122 937 sacrorumque
1147 845 1349 917 irrisionem

324 959 523 1031 adhibendo
546 957 589 1028 ad
614 960 727 1049 operis
751 958 803 1026 sui
828 956 1054 1048 propositum,
1081 957 1251 1026 munitam
1269 958 1347 1046 jam

326 1077 428 1138 antea
440 1067 485 1136 ab
499 1067 605 1157 epicis
618 1067 708 1136 viam
719 1072 801 1135 sunt
816 1065 964 1154 ingressi
978 1071 1012 1132 et
1034 1065 1151 1154 patriae
1167 1063 1347 1154 religionis

323 1175 523 1248 conditione
538 1173 649 1244 abusi.
668 1177 883 1264 spectatores
900 1193 1038 1262 quoque
1054 1171 1226 1241 habebant
1245 1193 1343 1241 cons-

326 1281 462 1354 ciosvel
474 1282 588 1372 potius
601 1288 770 1362 auctor-ee
782 1281 839 1369 qui
859 1281 924 1348 nisi
936 1280 1343 1350 incelicentiaconnivis·

236 1446 242 1460 .
329 1397 418 1472 sent,
434 1411 613 1480 nunquam
637 1389 793 1459 futurum
814 1396 886 1458 eret
899 1397 937 1458 ut
952 1388 1121 1480 Olympus
1135 1389 1249 1458 omnis
1263 1386 1342 1456 ridi·

326 1499 402 1568 cule
414 1498 676 1570 deformaretur.
692 1497 743 1567 Ad
758 1497 1004 1567 contumeliam
1020 1503 1150 1568 statues
1170 1503 1340 1577 truncare,

328 1607 457 1697 templa
486 1611 664 1696 penetrare
696 1606 838 1687 inceste,
859 1607 997 1676 turbare
1027 1626 1122 1676 sacra
1145 1606 1340 1684 insolentie,

328 1712 561 1784 sacerdotibus
581 1720 616 1782 et
630 1714 788 1804 eboregis
806 1715 875 1784 vim
895 1714 1022 1784 inferre
1045 1713 1189 1803 capitale
1202 1713 1341 1802 quidem

327 1830 411 1904 erat,
426 1829 460 1891 et
476 1823 625 1912 graviter
640 1843 778 1913 semper
791 1823 826 1890 in
843 1823 933 1892 hene
953 1822 1165 1912 impietatem
1186 1822 1343 1890 saevitum
1406 1867 1415 1876 -

330 1936 383 1999 est
402 1933 426 1998 ¹.
450 1928 515 1998 Sed
535 1929 616 2018 joci,
652 1929 793 2010 facetiae,
825 1931 1058 2000 cavillationes
1083 1931 1118 1999 in
1142 1929 1226 2000 deos
1257 1951 1346 2000 nun·

329 2056 432 2126 quarn
447 2050 565 2112 ὰσιεινας
580 2035 715 2104 crimini
730 2043 812 2104 sunt
827 2043 1011 2127 praetextae.
1031 2038 1243 2128 Philosophi,
1261 2059 1344 2128 poe-

332 2153 385 2223 tae,
409 2151 561 2213 oratores
584 2145 697 2212 omnis
717 2145 853 2234 generis
867 2145 910 2214 de
925 2145 991 2215 diis
1015 2147 1134 2216 leviter
1148 2154 1206 2215 aut
1222 2147 1346 2214 lascive

332 2258 519 2344 potuerunt
543 2253 723 2332 disserere,
752 2273 864 2343 neque
885 2275 1036 2344 unquam
1055 2257 1189 2346 legibus
1209 2262 1345 2324 cautum

332 2371 384 2431 est
405 2383 449 2432 ne
470 2362 514 2432 de
535 2361 661 2432 divinis
682 2362 942 2432 malediceretur
960 2369 985 2433 ².
1008 2365 1070 2434 Vel
1089 2366 1203 2455 potius
1222 2386 1299 2454 quae
1312 2366 1346 2431 in

332 2473 528 2562 legeorum,
547 2472 686 2541 nonnisi
701 2473 792 2541 civili
812 2473 891 2542 odic
913 2472 1086 2542 interdurn
1108 2473 1247 2542 luerunt
1271 2493 1347 2542 ero·

331 2587 416 2660 cata,
435 2580 526 2650 etad
547 2581 658 2670 plebis
675 2581 855 2648 arbitrium
871 2582 906 2648 in
922 2601 1067 2672 magnos
1081 2583 1172 2650 viros
1190 2587 1202 2630 ³
1221 2589 1348 2652 temere

332 2691 511 2769 intentata,
533 2687 625 2777 quod
640 2707 681 2756 ex
698 2689 860 2756 omnibus
876 2691 951 2778 ejus
971 2691 1082 2758 aetalis
1098 2704 1217 2767 ἀπονίας
1234 2690 1347 2758 crimi-

334 2795 435 2862 nibus
448 2794 571 2864 elucet.
586 2793 722 2862 Publice
734 2801 846 2862 tamen
860 2816 920 2885 per
929 2796 1088 2866 tabernas
1104 2799 1244 2888 viasque
1255 2797 1349 2865 urbis

333 2904 487 2972 convicia
508 2903 542 2970 in
563 2901 647 2971 deos
667 2901 774 2973 fuisse
793 2904 920 2985 audita,
947 2906 1178 2994 olympiorum
1202 2906 1349 2996 flagitio-

334 3033 411 3080 rum
426 3011 804 3093 commemorationem,
819 3012 874 3081 vel
888 3013 922 3080 in
936 3012 1125 3080 ludibrium
1136 3015 1190 3082 vel
1201 3016 1235 3082 in
1250 3035 1348 3082 excu-

279 3132 282 3140 ‘
335 3121 504 3189 sationem
524 3120 722 3188 mortalium
735 3119 871 3200 factam,
886 3141 926 3188 ex
938 3121 1117 3189 comoediae
1127 3122 1235 3211 ipsius
1251 3122 1350 3191 liber-

335 3236 404 3298 tate
428 3248 615 3318 possumus
648 3227 820 3316 colligere.
841 3229 929 3305 Quin
954 3229 1036 3308 inre,
1058 3230 1092 3296 in
1116 3231 1252 3298 civitate
1273 3253 1350 3320 quae

336 3336 504 3406 libertatis
518 3354 673 3404 amorem
687 3355 796 3423 usque
811 3335 853 3403 ad
865 3334 1086 3424 dementiam,
1106 3337 1350 3408 dominationis

356 3534 376 3593 '¹
405 3561 437 3607 lle
452 3573 501 3619 quo
517 3559 568 3608 vid.
586 3563 729 3620 errresu,
743 3561 867 3621 Arutopt.
878 3563 1014 3622 iorpuur'taa
1028 3542 1130 3613 decretus
1141 3564 1268 3624 coctilium
1284 3567 1351 3615 irri-

278 3691 283 3703 ⁸
319 3683 320 3686 ,
337 3652 388 3688 cor.

365 3720 377 3754 ²
396 3723 453 3768 Post
467 3724 619 3782 Anaxagorae
635 3727 760 3785 judiciuin
783 3725 882 3786 scripsit
898 3724 976 3785 legem
993 3724 1149 3784 Diopeithcs:
1167 3728 1209 3786 (De
1228 3741 1278 3786 quc
1299 3729 1349 3777 vid.

337 3801 381 3850 Tu.
395 3803 473 3858 Kocx,
487 3804 518 3850 ad
532 3805 622 3866 Periit..
641 3805 720 3868 ¹085.)
738 3805 930 3868 Εἰσαγγέλεσθαι
945 3804 1002 3860 τοὺς
1017 3805 1047 3853 τὰ
1062 3806 1115 3855 θεῖοι
1128 3808 1162 3869 μὴ
1182 3808 1321 3867 νομίζοντας
1336 3809 1351 3867 ll

336 3874 422 3945 λόγονξ
435 3887 491 3948 περὶ
505 3890 553 3935 τῶν
571 3887 707 3949 μεταρσίων
722 3887 888 3942 διδάσκοντας.
903 3886 988 3947 (Pcnr.
1006 3887 1071 3942 Per„
1083 3889 1131 3946 32.)

366 3961 379 3998 ⁸
411 3962 536 4021 'laudaiae
548 3966 648 4014 ruerunt
662 3967 771 4014 accusati
790 3969 944 4027 Protagoras,
963 3968 1131 4028 Anaxagoras,
1151 3971 1261 4019 Socrates
1276 3971 1352 4032 (Pnu-

337 4056 436 4096 runca..
453 4047 518 4104 Nic,
541 4050 587 4108 tt),
606 4048 706 4095 Ttrcoris
721 4049 837 4108 quaedam
854 4048 990 4106 (Panaca,
1009 4045 1090 4110 (rap,
1106 4052 1157 4098 136.
1178 4051 1213 4100 Cr.
1240 4053 1352 4101 Psnuno-

337 4137 406 4180 nnn..
423 4125 539 4187 Aristop,
562 4130 580 4182 l,
598 4129 645 4187 79),
663 4129 764 4188 Aspasia
777 4129 871 4186 (Pecu,
891 4125 988 4184 Pericl„
1008 4130 1057 4190 32),
1080 4131 1180 4181 Phidias
1201 4132 1283 4197 (ibid,
1302 4134 1351 4198 tl).

337 4204 372 4256 Gt.
388 4207 505 4262 Cunrrus,
522 4209 616 4258 Gra'eclr.
634 4208 776 4266 coctum,
789 4209 819 4266 11,
834 4209 879 4256 377
892 4209 915 4254 et
929 4218 980 4271 seq.
1035 4234 1038 4242 -
