3114 5088
756 575 790 584 -
810 544 844 598 10
864 571 895 584 ..

323 674 430 743 titiam
459 671 663 750 didicerunt,
696 677 727 738 et
757 669 828 759 pari
863 670 1063 755 contemptu
1098 685 1169 733 non
1206 651 1342 730 tabulas

326 787 457 847 tentum
475 777 535 848 sed
553 779 708 845 instituta
724 797 762 844 ac
777 776 872 864 leges
908 773 1100 840 tabularum
1126 771 1242 837 innixa
1265 769 1341 836 fun-

323 887 494 956 damentis
520 887 678 976 prosequi
701 891 781 952 sunt
805 881 927 951 edocti.
953 881 1038 948 Tum
1064 879 1228 946 desinunt
1253 875 1338 965 dog-

324 999 424 1074 mata,
443 992 583 1083 poeticis
599 993 708 1080 magis
728 991 850 1060 decora
866 987 1077 1056 ornamentis
1100 1005 1205 1074 quam
1221 985 1336 1052 incur-

322 1101 429 1190 ruptis
446 1121 560 1168 rerum
576 1099 808 1167 monumentis
829 1094 961 1172 tradita,
985 1095 1184 1183 simpliciter
1201 1090 1310 1178 excipi
1326 1113 1334 1168 ;

325 1214 489 1275 vocantur
504 1208 538 1274 in
555 1207 711 1286 dubium,
730 1207 845 1275 subtili
859 1206 1130 1298 interpretationi
1145 1227 1334 1276 accommo-

325 1314 461 1395 dantur,
502 1314 710 1382 damnantur
751 1336 889 1404 quoque
921 1323 979 1383 uut
1008 1317 1086 1404 quia
1115 1315 1238 1383 rationi
1266 1333 1337 1380 non

325 1421 549 1500 satisfaciunt,
567 1428 626 1488 aut
640 1423 720 1509 quia
736 1443 814 1489 cum
828 1424 929 1491 castis
945 1424 1098 1491 moribus
1111 1444 1180 1491 non
1192 1427 1338 1512 possunt

324 1528 510 1596 conciliari:
524 1549 670 1617 quorum
695 1529 840 1597 alterum
863 1529 1177 1620 praecipuedoctos
1192 1527 1337 1596 alterum

323 1635 447 1725 vulgus
480 1635 688 1704 ineruditum
716 1637 886 1706 movebat.
916 1637 964 1704 lta
986 1637 1147 1726 paulatim
1177 1634 1339 1703 novitatis

325 1743 478 1838 studium
495 1765 565 1812 non
586 1743 690 1812 modo
717 1745 947 1834 ingenuorum
979 1744 1104 1811 civium
1130 1742 1253 1810 dumos
1277 1739 1338 1809 sed

325 1851 460 1939 plebem
476 1872 613 1939 quoque
625 1852 760 1931 invasit,
778 1874 854 1940 qua>
868 1851 1082 1941 philosophis
1099 1852 1207 1939 impar
1224 1849 1338 1938 praeui-

328 1957 512 2045 pientibuS,
551 1964 717 2045 negantes
746 1965 805 2025 aut
837 1958 1034 2027 dubitantes
1061 1955 1209 2048 perfecte
1236 1956 1338 2023 intel·

325 2065 400 2154 ligit
419 2068 441 2130 ¹.

370 2173 474 2241 Multa
502 2171 656 2240 severius
688 2171 873 2260 antiquitas
902 2172 973 2240 lere
1005 2173 1118 2242 omnis
1147 2177 1181 2240 et
1209 2176 1338 2239 nostrae

326 2282 438 2352 acatis
466 2278 589 2347 eruditi
620 2279 683 2346 viri
713 2279 756 2347 de
784 2280 949 2369 sophistis
979 2279 1107 2368 opinati
1133 2284 1225 2355 sunt,
1251 2297 1339 2366 quos

327 2410 463 2456 morum
478 2388 678 2477 corruptelae
692 2394 726 2454 et
742 2386 932 2455 desidentis
942 2388 1135 2456 Graecorum
1147 2385 1337 2475 disciplinae

327 2517 404 2564 reos
424 2497 534 2563 facere
555 2496 679 2563 solent.
699 2496 767 2563 Nec
785 2501 897 2584 potest
912 2495 1028 2584 negari
1044 2492 1246 2583 percallidos
1261 2493 1339 2561 illos

327 2603 495 2684 doctores
529 2608 563 2668 et
596 2601 631 2667 in
666 2608 846 2690 utramque
882 2609 1013 2691 partem
1046 2599 1166 2668 orandi
1197 2601 1336 2689 peritos

328 2716 416 2790 πέψιν
451 2708 630 2796 irrepsisse
659 2708 834 2775 mentibus
863 2728 939 2796 quae
968 2707 1160 2775 fabularum
1189 2708 1339 2798 primum

327 2814 452 2884 deinde
470 2816 541 2884 veri
560 2835 695 2904 quoque
719 2815 811 2905 quod
836 2815 924 2882 lictis
952 2815 1157 2895 continetur,
1184 2820 1338 2882 contem-

328 2928 426 3011 ptum
444 2923 617 3012 progignit
634 2927 659 2989 Ι.
673 2922 736 2991 Sed
748 2930 786 2991 ut
798 2922 988 2991 fabularum
1004 2921 1104 2989 nodis
1122 2921 1339 2991 exsolverent

328 3031 474 3116 animos
513 3045 666 3100 necesse·
688 3037 760 3100 erat
787 3031 1035 3108 demonstrare,
1075 3049 1146 3096 non
1176 3030 1339 3097 marmori

328 3142 430 3226 atque
448 3137 506 3205 aeri
524 3137 698 3226 inscriptis
727 3136 861 3225 legibus
890 3136 1018 3226 alligari
1035 3157 1137 3226 posse
1164 3136 1336 3217 homines

329 3243 390 3310 sed
418 3245 519 3311 certis
550 3243 755 3330 quibusdam
790 3250 891 3330 atque
921 3244 1028 3311 menti
1056 3243 1171 3312 infixis
1197 3244 1337 3334 regulis

328 3370 473 3438 quarum
487 3349 529 3416 ad
546 3348 724 3416 arbitrium
741 3348 884 3416 deorum
908 3370 1046 3439 quoque
1063 3357 1100 3417 ut
1130 3352 1339 3439 reliquorum

328 3456 537 3524 omniumad
549 3455 797 3524 humanitatem
808 3458 1065 3545 pertinentium,
1085 3457 1222 3526 habitus
1237 3464 1340 3547 atque

328 3562 440 3631 cultus
465 3563 642 3653 judicandi
665 3571 781 3632 essent
798 3567 824 3630 ³.
847 3565 955 3655 Supra
983 3565 1115 3634 fabulas
1139 3585 1224 3652 quas
1248 3568 1340 3655 prior

358 3803 367 3838 ¹
385 3807 442 3853 Hac
454 3807 538 3854 omnia
551 3808 630 3854 fusius
644 3808 800 3867 explicantur
817 3789 844 3856 in
868 3809 932 3857 libro
954 3813 1037 3856 nostro
1060 3822 1066 3852 r
1086 3807 1163 3856 Etude
1177 3820 1222 3856 sur
1241 3806 1273 3856 lea
1295 3803 1339 3857 dd-

327 3901 394 3936 moua
407 3886 507 3935 ducale
518 3885 660 3936 litterature
673 3891 695 3936 et
709 3887 735 3936 lo
746 3888 851 3949 religion
865 3887 905 3938 dea
919 3891 998 3937 Gracc.
1014 3889 1070 3937 Vid.
1085 3890 1221 3949 prasertim
1237 3901 1293 3949 cap.
1307 3891 1338 3945 ΙΙ,

326 3970 367 4025 ΙΙΙ,
383 3971 422 4018 Vl.

356 4049 368 4084 ²
385 4054 481 4108 litura,
496 4049 619 4111 aristoph.
635 4051 690 4107 ott,
706 4051 717 4114 ξ
735 4053 755 4098 7.

357 4130 369 4164 ³
388 4131 486 4194 Νόμους
495 4133 616 4198 ἀγράφους
635 4132 734 4181 invocat
748 4134 871 4194 Antigone
885 4133 952 4194 apud
965 4133 1110 4194 Sophoclem
1125 4134 1340 4195 religiosissimum

328 4205 432 4280 pteram.
447 4213 537 4276 notar,
554 4213 598 4262 450
611 4217 697 4275 etseq.
