3156 5082
676 472 818 529 „go..

239 599 573 688 fuiseeprodteretur
589 602 701 668 :unta
713 599 777 666 fuit
791 599 884 668 illius
900 597 1163 694 incelebrandis
1177 598 1256 698 deo

238 728 316 776 rum
335 705 495 774 laudibus
517 704 679 796 gravitas,
699 712 769 773 tam
798 705 945 795 simplex
963 712 1074 796 ¹atque
1097 706 1255 787 effusain

242 815 360 905 patriis
397 813 502 887 sacris
536 812 745 883 exornandis
765 812 865 883 fides.
901 815 1009 882 Nemo
1031 812 1252 904 tragicorum,

237 941 345 990 nemo
356 919 543 1008 lyricorum
563 939 713 1010 quoque,
731 939 775 992 ne
790 920 978 1012 Sophocles
992 919 1132 1010 quidem
1151 924 1254 1012 elque

239 1027 419 1108 Pindarus,
451 1045 582 1098 sacram
612 1025 758 1096 Palladis
774 1026 934 1097 tellurem
961 1025 1255 1117 splendidioribus

242 1134 365 1204 extulit
374 1134 531 1203 versibus
550 1159 557 1201 :

680 1302 810 1378 Hoepdr'ror
828 1301 984 1379 ὁμΰροφὸροι

316 1385 434 1476 ἤλθομεν
451 1399 569 1477 λιπαρὰν
583 1398 671 1474 χθόνα
686 1393 840 1468 Παλλάδος,
854 1393 981 1475 εὔανδρον
995 1403 1058 1475 γᾶν,
1080 1421 1105 1458 κ.
1124 1419 1151 1460 r.
1166 1401 1189 1458 i.

281 1601 319 1667 ln
334 1599 457 1688 quibus
472 1607 552 1669 ante
571 1602 687 1670 omnia
709 1602 974 1671 Atheniensium
996 1602 1158 1694 pietatem
1173 1619 1255 1691 erga

235 1706 332 1788 deos,
352 1706 557 1796 templorum
590 1714 624 1777 et
649 1709 920 1778 caerimoniarum
947 1707 1249 1798 magnificentiam,

235 1813 399 1881 sacrificia
413 1820 446 1881 et
462 1813 671 1896 initiationes
690 1815 897 1905 praedicavit.
909 1815 1064 1884 Carmina
1081 1813 1171 1882 illaa
1187 1818 1252 1882 Nic

235 1925 329 1989 biom
346 1921 451 1990 choro
478 1922 514 1988 in
534 1941 636 1991 scena
655 1923 834 1992 decantata
847 1944 888 1993 eo
910 1921 1117 1991 mirabiliore
1142 1921 1251 1992 videri

234 2028 372 2110 debent,
392 2028 487 2119 quod
526 2050 605 2128 oum
633 2051 780 2120 persona
807 2030 1018 2101 cantantium
1042 2029 1272 2116 minusoon·¹

235 2141 375 2227 gruunt.
391 2136 507 2206 Nubes
522 2138 616 2205 enim
638 2138 729 2207 solas
753 2139 959 2228 sapientium
979 2157 1056 2207 esse
1085 2136 1167 2206 deas
1191 2137 1251 2204 So·

235 2249 343 2312 crates
362 2243 463 2334 paulo
478 2249 558 2314 ente
575 2244 818 2316 declaraverat.
837 2246 918 2324 Quae
932 2246 1070 2316 nonnisi
1081 2263 1183 2314 suam
1195 2243 1252 2312 ab

230 2348 378 2440 jurando
393 2356 563 2432 naturam,
578 2356 691 2420 cetera
706 2353 899 2421 Graecorum
922 2351 1066 2420 numina
1079 2370 1150 2420 uon
1169 2369 1251 2440 pos·

235 2462 316 2526 sunt
330 2458 512 2528 celebrare.
529 2460 648 2548 Neque
675 2458 782 2528 semel
802 2464 936 2528 tanturn
951 2459 1068 2549 patriae
1093 2457 1250 2552 religioni

234 2563 371 2646 cedunt,
398 2566 688 2655 propriam‘suam
721 2563 953 2636 conditionem
984 2566 1111 2646 oblitae,
1135 2563 1250 2634 sedin

235 2671 401 2761 parabasi,
420 2693 527 2762 quum
548 2678 659 2762 poetae
683 2673 873 2762 loquuntur
888 2673 1030 2744 nornine
1054 2673 1109 2743 vel
1135 2672 1251 2764 potius

235 2776 393 2847 traditam
419 2779 597 2848 oomoediae
634 2780 920 2850 consuetudinem
951 2788 1101 2862 servant,
1130 2781 1251 2850 lovem

233 2885 320 2954 eoelo
349 2893 550 2976 regnantem
573 2887 748 2957 elmundi
777 2887 1043 2978 gubernatorem
1072 2889 1248 2966 invocant,

234 2993 440 3082 Apollinem,
466 2995 666 3076 Minervam,
690 2994 930 3083 Bacchumque
950 2993 1095 3062 civitatis
1118 2999 1250 3062 tutores

233 3106 268 3166 el
287 3100 393 3172 totius
412 3101 548 3172 Graeciae
568 3101 734 3190 praesides
753 3102 856 3192 justis
878 3100 1023 3172 adorant
1043 3100 1202 3192 precibus
1220 3103 1246 3167 ².

236 3206 388 3296 Denique
409 3209 473 3277 sub
484 3208 609 3278 fabulae
619 3209 689 3277 fine
708 3209 792 3299 ipsae
806 3207 870 3276 sibi
884 3208 1051 3278 ultionem
1065 3207 1250 3297 impietatis

235 3320 405 3402 repetunt,
431 3321 465 3400 et
489 3314 720 3406 Strepsiadem
743 3315 936 3385 calamitate
964 3315 1071 3384 fuisse
1089 3315 1250 3384 affectum

235 3421 452 3508 profitentur,
469 3422 547 3508 ideo
563 3431 697 3492 tantum
716 3423 845 3494 utdeos
858 3423 1004 3494 disceret
1019 3422 1166 3492 revereri
1184 3425 1197 3469 ³
1218 3445 1225 3490 :

475 3593 552 3670 ὅπως
568 3603 600 3662 ἂν
615 3603 669 3666 nlla
685 3609 749 3672 roric
763 3609 836 3673 θεοὺς
852 3604 1003 3664 δεδοικέναι.

277 3805 425 3874 illectam
434 3807 646 3877 carminibus
656 3808 999 3910 possuntcomparari
1014 3829 1092 3906 quae
1111 3809 1151 3889 iu¹
1161 3813 1252 3875 Tuer-

264 3999 273 4034 ¹
294 4000 369 4057 nuo„
386 4005 431 4052 aaa
445 4008 469 4052 a
480 4017 531 4065 seq,

262 4078 274 4113 ¹
288 4080 364 4140 rou..
379 4086 499 4134 esa-uos.

265 4159 277 4202 δ
293 4161 370 4222 reta„
385 4164 455 4222 rtet.
466 4165 584 4226 etrum
599 4171 624 4218 ot
635 4169 707 4226 tuoe·
