3114 5088
752 405 894 460 „55-

317 534 515 604 Pisthetaero
540 529 674 603 Solonis
693 529 809 620 legum
829 528 1005 618 interpreti
1026 527 1114 597 fidas
1138 528 1353 598 adhibenda
1426 599 1431 607 ,

318 647 393 709 est:
421 639 548 728 quippe
566 637 625 728 qui
641 636 789 713 mortali,
820 655 889 702 non
916 636 1068 726 legitima
1085 642 1201 703 matre
1220 642 1347 720 notua,

319 744 519 814 haereditate
530 743 637 832 patris
658 742 821 810 exclusus
837 742 893 809 sit.
910 741 1000 809 Num
1022 742 1146 810 melius
1158 742 1280 839 plebes
1297 743 1352 815 de

271 921 274 926 ,
319 851 442 921 veteris
468 849 643 940 religionis
666 847 810 915 stultitia
835 848 959 916 certior
975 854 1109 938 potarat
1128 849 1226 918 fieri?
1249 849 1350 917 Num

320 959 444 1027 melius
459 951 543 1024 daos
558 973 671 1044 neque
686 953 779 1032 oriri,
797 972 909 1042 nequo
931 954 1068 1034 mutari,
1093 975 1207 1044 neque
1229 977 1346 1048 regno

320 1062 444 1141 orbari,
468 1066 506 1128 ut
521 1059 691 1128 Homerici
714 1057 916 1140 doonemnt,
936 1058 1184 1130 demonstrari?
1209 1062 1350 1152 Quippe

321 1168 408 1236 nihil
436 1167 561 1234 borum
584 1164 627 1232 ad
651 1165 735 1256 deos
756 1165 905 1250 pertinet
927 1165 1011 1252 quin
1035 1165 1156 1236 avibus
1181 1189 1344 1258 quoque,

321 1294 392 1342 non
406 1272 606 1341 hominibus
622 1271 747 1350 solum,
766 1272 810 1340 sit
823 1290 1018 1340 commune.
1187 1262 1191 1268 ’

365 1379 572 1468 Dignitatem
585 1377 768 1466 quamdam
784 1377 818 1444 in
829 1376 1000 1466 legatione
1016 1378 1073 1445 illa
1089 1381 1238 1447 servavit
1254 1382 1346 1472 Nep-

321 1495 439 1564 tunnS,
461 1489 617 1552 vetorum
632 1481 776 1550 deorum
796 1488 830 1551 et
846 1503 925 1550 vere
943 1484 1124 1572 gentilium
1139 1469 1316 1576 exemplar
1331 1511 1340 1554 :

320 1594 378 1681 qui
398 1590 568 1678 equestris
592 1588 722 1657 ordinis
747 1596 911 1678 patronus
936 1596 970 1658 et
988 1583 1132 1660 tutelare
1155 1614 1344 1674 numan,a

319 1703 438 1766 nostro
452 1695 546 1763 baud
561 1696 669 1764 semel
682 1695 1071 1796 splendidiscelebratus
1084 1699 1293 1767 carminibus
1313 1706 1338 1792 ¹,

321 1802 1340 1894 propterdtticamsuamoriginemetcivilemqnodammodo

319 1909 568 1990 auctoritatem,
594 1907 832 1996 Aristophanis
858 1908 993 1976 videtur
1015 1917 1094 1978 ante
1109 1917 1240 1980 ceteros
1256 1912 1341 1981 deos

320 2015 488 2082 vitaturus
514 2013 622 2082 luisse
647 2013 807 2080 ludibria.
831 2013 931 2081 Hunc
953 2021 1067 2096 tamen
1090 2017 1221 2086 inducit
1240 2025 1340 2087 vetn-

319 2123 404 2200 lurn,
429 2121 600 2188 haesltanti
624 2121 757 2210 lingua,
781 2121 915 2188 consilii
935 2130 1122 2212 expertem,
1143 2145 1216 2193 aevo
1236 2127 1340 2193 simul

320 2238 422 2319 atque
436 2228 581 2298 stultitia
599 2227 844 2295 deformatum.
862 2229 995 2318 Nempe
1010 2250 1121 2320 genus
1137 2251 1240 2301 omne
1256 2233 1339 2301 deo-

322 2359 398 2403 rum
418 2338 476 2424 qui
498 2342 668 2404 vetustate
689 2334 942 2413 obsoleverant,
965 2335 1154 2426 significat;
1184 2361 1274 2407 unus
1298 2362 1339 2408 ax

321 2442 542 2532 optimatibus
564 2442 661 2520 deus
684 2443 742 2529 qui
764 2451 943 2531 δημοκρατίαν
963 2462 1099 2531 quoque
1112 2445 1256 2536 Olympo
1274 2469 1338 2546 po-

321 2551 417 2615 titam
433 2547 634 2626 detestatur,
651 2547 710 2614 sed
723 2548 844 2614 effetus
860 2553 894 2613 et
908 2567 1038 2630 excors,
1056 2550 1222 2619 adversus
1237 2575 1338 2622 nova·

319 2660 411 2722 tores
438 2653 622 2741 imperium
646 2672 722 2718 non·
741 2652 832 2718 valet
860 2653 947 2720 tueri
974 2661 1008 2721 et
1034 2655 1172 2725 silentio
1197 2658 1338 2728 demum

320 2766 503 2828 contentus
519 2767 583 2826 est.
600 2760 670 2826 Etsi
684 2761 719 2824 in
732 2759 904 2847 legatione
920 2759 977 2826 illa
991 2761 1209 2833 honestiores
1224 2774 1338 2854 partes

319 2885 421 2954 quam
456 2865 569 2944 ceteri,
603 2886 751 2957 quorum
784 2864 871 2933 alins
901 2865 1031 2955 perdite
1062 2869 1217 2958 gulosus,
1252 2874 1338 2941 alius

320 2973 461 3040 omnino
488 2973 635 3040 stolidus
660 2972 801 3051 incedit,
823 2974 1004 3062 Neptunus
1023 2977 1165 3065 accepit,
1188 2986 1338 3048 attamen

320 3098 492 3159 sermone,
521 3079 652 3158 babitu,
678 3073 814 3146 silentio
840 3080 942 3145 etiam
961 3083 986 3157 ²,
1017 3101 1056 3148 eo
1084 3085 1192 3172 magis
1221 3085 1341 3155 debuit

321 3175 572 3272 spectatoribus
602 3187 709 3259 risum
741 3203 971 3265 commovere,
1001 3188 1093 3274 quod
1111 3211 1182 3258 non
1199 3193 1340 3261 auribus

320 3297 453 3357 tantum
468 3291 528 3357 sed
543 3291 652 3358 oculis
669 3307 805 3377 quoque
822 3288 1024 3360 deformatio
1042 3295 1099 3361 illa
1116 3297 1335 3384 prodebatur.

320 3397 409 3461 Dens
425 3415 506 3462 varo
527 3395 570 3462 de
592 3415 661 3482 quc
687 3394 822 3482 publica
844 3397 891 3462 ita
917 3395 996 3465 licat
1022 3402 1127 3488 jocari
1150 3409 1184 3470 et
1212 3405 1335 3484 ridere,

322 3499 407 3568 dens
422 3521 498 3569 asse
512 3489 625 3570 desiit.
683 3489 686 3497 ’

367 3607 587 3676 Concluditur
616 3609 740 3698 legatio
767 3610 1005 3698 comoediaqne
1034 3613 1137 3681 simul
1164 3615 1267 3695 loris,
1296 3615 1338 3684 de

321 3713 418 3802 cnjus
434 3722 543 3783 morte
559 3716 593 3780 in
610 3716 755 3783 transitu
772 3717 901 3784 mantio
916 3717 1004 3785 facta
1028 3724 1080 3786 est
1098 3724 1123 3799 ³,
1141 3721 1335 3802 eversione;

351 3908 360 3942 ¹
380 3911 472 3971 liquit..
487 3911 633 3972 arrersao.

352 3986 363 4020 ¹
382 3987 445 4049 Ἐγὼ
456 3991 561 4050 δ’ἐπειδὴ
577 3997 644 4060 σφῷγ
656 3993 733 4064 baral,
749 3993 892 4069 σιγήρρμαι.
911 3993 974 4061 (Ara,
993 3994 1071 4054 real.)

351 4065 453 4126 Unio..
471 4070 539 4120 1645.
