3156 5082
646 553 685 589 -’
700 549 753 604 113
771 579 806 590 -

222 671 352 738 nationi
366 669 532 751 dedisset,
550 677 584 740 et
596 672 653 738 vix
667 673 702 738 in
723 674 869 741 transitu
890 673 1006 761 paucis
1034 673 1125 762 carpi
1141 673 1231 743 lace·

222 777 289 857 tiis,
306 798 414 864 quum
430 785 549 845 contra
561 778 744 866 AEschylus
763 799 833 847 non
849 779 962 847 solnm
986 769 1102 868 magni
1122 771 1231 870 poctae

221 888 255 950 et
269 883 495 951 informandis
511 885 665 952 moribus
683 883 855 979 utilissimi
871 885 932 953 sed
954 887 1056 953 etiam
1074 887 1232 975 piiatque

220 990 369 1078 religiosi
387 991 448 1058 viri
463 992 602 1081 ingenio
618 990 891 1078 commendatur.
910 993 942 1059 Si
957 1011 1074 1059 curam
1086 991 1230 1060 deorum

221 1096 388 1164 sinceram
405 1083 568 1185 gessisset
582 1100 841 1188 Aristophanes,
859 1100 913 1168 cui
926 1119 1079 1187 unquam
1090 1119 1231 1188 persua-

221 1202 292 1270 deri
309 1205 444 1292 poterit,
459 1205 558 1272 illum
573 1206 660 1272 nihil
674 1207 787 1295 majus
811 1226 852 1275 ex
877 1205 1047 1295 Euripidis
1066 1206 1231 1295 tragoedia

219 1309 368 1377 valuisse
395 1329 596 1400 excerpere,
620 1319 659 1379 ut
688 1313 873 1402 impietatis
908 1313 1036 1380 crimen
1071 1319 1226 1401 augeret,

221 1435 322 1502 quam
338 1423 566 1505 temperatum
588 1418 686 1485 illum
703 1418 746 1487 de
761 1430 877 1496 ἰδιώταις
891 1453 946 1488 τισι
958 1436 1027 1495 θεοῖς
1038 1419 1167 1507 jocum,
1197 1425 1231 1487 et

224 1557 234 1584 a
255 1532 349 1612 nttnp,
366 1537 426 1611 ἐμὸν
437 1535 589 1612 βόσκημα.
608 1544 647 1592 ex
660 1527 880 1615 Anaxagorea
895 1526 1036 1616 physica
1047 1524 1230 1615 depromp-

221 1638 294 1698 tum
313 1635 346 1697 ¹?

264 1738 413 1806 Facetias
427 1737 504 1806 illas
518 1740 650 1820 comici,
677 1741 888 1829 impietatem
913 1741 1039 1829 tragice
1074 1738 1228 1827 philoso-

220 1845 358 1935 phantis
377 1845 546 1934 Euripidis
563 1846 834 1937 perstringendo,
856 1849 884 1915 si
910 1845 1068 1937 eJusdem
1087 1864 1222 1933 compa·

220 1971 336 2019 ramus
350 1950 434 2018 locis
449 1952 507 2018 uhi
527 1973 663 2021 morum
679 1953 808 2042 detegit
822 1953 1063 2042 corruptelam,
1086 1952 1145 2020 uhi
1160 1971 1229 2019 ma·

220 2059 382 2148 gistratus
408 2059 580 2128 instanter
608 2059 744 2128 videtur
771 2058 958 2130 admonere
985 2080 1030 2129 ne
1060 2058 1230 2127 desidendi

220 2155 409 2256 disciplinae
432 2173 636 2235 novatorum
655 2175 824 2257 praecepta
853 2168 1007 2246 faveant,
1030 2165 1088 2234 uhi
1117 2171 1228 2234 morte

219 2273 363 2362 dignum
387 2294 464 2342 csse
483 2279 600 2343 censet
614 2282 751 2365 poetam
766 2276 824 2363 qui
844 2277 978 2364 pejores
998 2276 1089 2342 cives
1105 2273 1227 2341 effece-

219 2381 263 2446 rit
285 2387 319 2448 et
346 2381 539 2469 ignaviores
556 2386 581 2460 2,
608 2380 666 2449 uhi
695 2389 830 2451 veteres
861 2389 957 2450 vates
984 2386 1085 2469 atque
1105 2400 1226 2448 eorum

220 2487 426 2556 imitatorem
441 2487 652 2576 AEschylum,
671 2507 740 2557 non
762 2495 900 2577 propter
911 2488 1061 2555 honores
1076 2485 1119 2552 ab
1145 2485 1228 2575 ipsis

219 2593 374 2684 religioni
384 2594 536 2663 redditos
553 2595 613 2664 sed
627 2601 765 2684 propter
777 2595 943 2662 moralem
957 2593 1140 2662 utilitatem
1155 2593 1230 2661 lau·

220 2700 278 2768 dat
295 2705 320 2782 ³,
343 2722 460 2770 nonne
483 2703 703 2792 perspicuum
732 2703 797 2770 erit
813 2702 955 2770 deorum
968 2720 1106 2769 causam
1121 2719 1139 2767 a
1156 2721 1231 2768 mo·

220 2829 297 2875 rum
313 2808 544 2877 sollicitudine
570 2809 716 2898 sejungi,
736 2815 769 2876 et
799 2807 1021 2896 Aristophani
1047 2807 1118 2876 fere
1137 2807 1231 2874 nulla

220 2914 292 2983 visa
316 2915 512 2983 communia
543 2916 633 2984 inter
659 2917 850 3004 simplicem
874 2916 1043 3003 majorum
1067 2915 1230 3004 pietatem

217 3027 456 3109 austerumque
476 3021 718 3112 disciplinam?
733 3022 851 3110 lnqna
866 3042 944 3088 cum
969 3020 1131 3089 omnihus
1155 3022 1230 3110 ejus

219 3126 328 3194 aetatis
343 3127 540 3195 auctoribus
567 3127 754 3206 consensit,
773 3134 807 3196 et
836 3127 1011 3215 vulgarem
1037 3120 1230 3194 Graecorum

219 3231 416 3320 opinionem
431 3234 609 3324 expressit,
625 3234 683 3322 qui
699 3252 902 3323 magnorum
914 3234 1065 3301 virorum
1085 3232 1229 3301 virtutes

218 3338 371 3427 publicas
386 3341 603 3430 privatasque
617 3363 687 3409 non
699 3341 741 3409 ad
756 3340 839 3410 deos
850 3341 1043 3409 referebant
1059 3347 1226 3420 auctores

219 3445 279 3514 sed
296 3446 447 3516 hnmano
464 3469 603 3537 prorsus
625 3457 660 3517 et
675 3449 764 3517 civili
785 3449 880 3517 fonte
907 3467 1066 3517 emanare
1088 3447 1229 3515 arbitra·

218 3552 384 3623 bancort.
427 3554 646 3644 Disciplinam
680 3555 784 3643 igitur
809 3575 876 3642 qna
899 3554 975 3621 freti
1003 3553 1231 3622 Athenienses

218 3660 337 3727 Persas
361 3659 562 3730 devicerunt
590 3661 838 3750 Aristophanes
868 3660 1049 3729 retinuisse
1079 3660 1172 3740 velit,
1196 3665 1230 3726 et

218 3766 369 3855 Euripidi
389 3768 551 3837 acerrime
567 3767 768 3837 adversatur
794 3767 885 3856 quod
906 3768 1057 3856 antiquis
1076 3765 1229 3834 moribus

248 3971 257 4006 ¹
276 3974 348 4031 llam,
362 3977 406 4021 886
419 3978 443 4022 ct
454 3989 504 4034 seq.

243 4050 259 4108 ,²
276 4052 351 4113 ibid,
367 4058 435 4103 1012.
453 4057 488 4104 cl.
500 4055 575 4115 Nou,
588 4057 647 4104 tate
662 4061 686 4104 et
700 4067 750 4115 sec.

247 4131 258 4166 ³
276 4133 350 4192 rora,
369 4138 425 4183 1021
443 4139 530 4196 etseq.

248 4212 259 4247 ⁴
277 4215 308 4260 lle
320 4227 370 4274 quo
382 4216 434 4262 vid.
451 4218 612 4269 Vannruccn.
630 4219 705 4277 Orat,
723 4217 777 4265 tel.
