3114 5088
183 620 293 693 tatem
313 611 441 683 dabant
460 611 604 702 copiam,
630 629 771 689 necasse
791 615 861 680 arat
893 614 931 676 ut
948 608 1061 688 omnis
1086 607 1204 698 religio

182 727 369 790 vocaretur
382 719 417 789 in
434 717 589 787 dubium.
615 719 652 786 ln
677 717 804 786 divinis
827 717 920 786 enim
943 717 1111 785 nonlicet
1131 717 1205 784 sine

184 828 339 920 periculo
372 846 496 916 magno
521 827 716 894 innovare:
747 825 873 914 quippe
897 844 973 912 quae
1007 821 1116 890 semel
1141 843 1202 911 pro

185 937 330 1026 optimis
354 933 481 1014 habita,
513 932 695 1022 imperium
729 933 765 999 in
794 932 927 999 animos
960 930 1117 1020 perdant,
1139 930 1205 998 nisi

186 1043 396 1128 inviolatum
409 1046 510 1131 atqpa
527 1040 740 1122 immutabile
755 1044 915 1129 prestare
927 1045 1106 1106 conentur.
1131 1040 1205 1106 Mu-

189 1156 264 1220 tata
276 1148 394 1238 religio
407 1166 527 1216 arcana
541 1167 602 1216 sua
615 1147 904 1236 interrogantibus
917 1144 1061 1214 recludit
1070 1169 1078 1225 ;
1094 1163 1206 1234 neque

192 1257 266 1326 nlla
286 1261 432 1346 possunt
454 1274 530 1322 esse
547 1254 672 1342 templa
693 1271 813 1322 serena
835 1251 898 1320 nisi
924 1275 1001 1341 quae
1022 1253 1100 1320 altis
1115 1253 1206 1322 edita

190 1363 382 1444 montibus
406 1361 542 1448 eminus
564 1366 696 1427 lantum
716 1360 983 1450 conspiciuntur,
1012 1360 1127 1430 liberae
1151 1363 1205 1428 in-

193 1469 411 1560 vestigationi
429 1488 497 1535 non
516 1472 643 1556 patent.
666 1466 763 1544 Quod
777 1467 865 1535 bene
882 1468 1123 1536 intellexerunt
1149 1470 1208 1558 qui

193 1577 447 1646 constituerunt
473 1574 655 1660 mysteria3
680 1573 900 1642 stabilitatem
923 1575 1072 1656 silentio,
1103 1595 1207 1644 vene-

194 1683 362 1752 rationem
374 1687 506 1749 secreto
523 1686 696 1768 pararunt.
712 1680 776 1748 Sed
793 1701 833 1748 ex
847 1681 1075 1769 philosophiae
1092 1682 1205 1750 studio

194 1789 411 1876 simulatque
427 1786 709 1875 superstitionum
725 1808 789 1853 usn
802 1793 915 1854 ortum
934 1789 1022 1876 oepit
1038 1789 1207 1856 sententia

195 1896 266 1976 illa,
282 1896 409 1963 scilicet
422 1893 563 1966 meliora
577 1913 679 1984 posse
692 1894 875 1984 excogitari
885 1915 988 1984 quam
1003 1916 1079 1983 quae
1091 1893 1208 1963 dediis

196 2004 342 2094 majores
368 2000 590 2082 tradiderant,
613 2021 677 2069 nec
707 2003 780 2090 ipsa
814 2001 953 2069 demum
983 2001 1099 2076 babila
1128 2010 1209 2070 sont

199 2111 341 2200 optima.
362 2110 437 2176 lam
460 2107 540 2174 inde
556 2128 574 2174 a
591 2108 770 2198 principio,
792 2110 869 2198 quin
891 2109 1088 2178 adrenlitiae
1113 2118 1209 2177 erant

197 2217 478 2306 superstitionum
496 2215 747 2304 persuasiones,
772 2222 924 2283 recenter
944 2216 1044 2284 illatae
1058 2223 1091 2283 et
1105 2236 1208 2304 pecn-

199 2323 272 2390 liari
286 2324 476 2391 initiatione
490 2322 606 2410 paucis
624 2329 815 2400 reservatae,
834 2343 901 2388 non
922 2329 1103 2388 caruerunt
1119 2321 1208 2388 diffi-

199 2430 329 2510 dentia,
365 2429 508 2507 invidia,
544 2429 670 2498 derisu.
709 2431 770 2496 Per
803 2436 908 2497 totam
946 2430 1064 2497 urbem
1092 2429 1209 2496 andire

198 2545 269 2604 erat
284 2556 385 2605 rocas
405 2535 550 2602 aliorum
575 2556 656 2603 suos
676 2535 759 2604 deos
781 2536 1038 2616 celebrantium,
1064 2538 1207 2605 aliorum

199 2647 233 2712 in
249 2644 388 2714 eosdem
405 2642 689 2720 conviciantinm;
709 2650 743 2710 et
762 2665 869 2731 quum
881 2645 952 2732 Jam
974 2645 1068 2711 nulla
1092 2651 1209 2712 essent

200 2771 293 2819 sacra
320 2772 396 2839 quae
424 2771 494 2817 non
519 2748 670 2816 fautores
696 2756 1017 2840 contemptoresque
1045 2752 1210 2820 baberent

200 2859 366 2948 proprios,
388 2857 503 2924 omnia
521 2855 624 2922 simol
640 2857 673 2922 in
693 2876 732 2924 eo
752 2865 847 2926 erant
863 2865 899 2925 nt
912 2860 1211 2947 perspicacissimis

201 2965 329 3033 civibus
343 2965 465 3032 tierent
479 2961 630 3030 ridicula.
646 2963 741 3031 Adde
756 2964 823 3030 buc
836 2965 1114 3054 Peloponnesiaci
1129 2965 1209 3032 belli

200 3072 414 3140 ambitiosam
442 3071 744 3159 exspectationem,
778 3092 856 3159 spes
886 3073 1037 3139 infinitas
1055 3072 1210 3158 luctuosa

202 3179 406 3270 pestilentiae
424 3177 616 3246 calamitate
638 3199 864 3265 compressas,
891 3179 1017 3244 nariam
1033 3185 1067 3245 et
1086 3183 1211 3244 nntan-

202 3293 271 3356 tam
288 3287 431 3376 inceptae
452 3285 582 3351 militiae
604 3283 788 3364 fortunam,
816 3287 1034 3374 irrequietam
1058 3286 1210 3376 volupta-

203 3400 286 3474 tum,
309 3392 516 3470 dinitiarum,
535 3390 778 3460 dominationis
790 3393 997 3482 cupidinem,
1014 3393 1138 3482 quibus
1153 3393 1208 3462 alii

202 3499 387 3567 admoram
408 3499 629 3587 impietatem,
654 3497 709 3562 alii
731 3497 773 3564 ad
790 3507 981 3567 exterarum
1009 3502 1210 3589 religionum

203 3626 334 3674 errores
350 3605 564 3673 reciderunt:
591 3605 637 3670 ita
658 3611 695 3671 ut
714 3606 890 3692 permixtis
906 3607 1079 3686 omnibus,
1104 3609 1211 3696 majo-

203 3735 277 3780 rum
292 3713 453 3801 dogmata
468 3711 664 3780 obsolerent
679 3718 712 3777 et
729 3712 814 3777 nihil
834 3715 906 3801 jam
925 3724 1102 3804 appareret
1119 3714 1210 3803 qnod

201 3821 237 3887 in
253 3839 370 3889 eornm
383 3819 495 3887 locum
516 3816 604 3884 beno
620 3816 844 3885 aedificaretur
864 3823 887 3886 ¹.

234 4070 243 4104 ¹
260 4071 296 4118 Cl.
313 4072 435 4126 Teucro„
453 4071 494 4123 lll,
510 4073 549 4127 82,
568 4073 613 4118 83:
630 4072 659 4126 ll,
676 4075 714 4120 52.
730 4075 767 4119 53.
783 4073 819 4120 dt.
837 4073 880 4120 ΤΕ.
898 4075 976 4125 llocn.
993 4073 1114 4132 Aristoplr.
1136 4072 1215 4131 rapot,

203 4151 310 4201 niutan..
329 4154 377 4198 tet
389 4165 440 4210 seq.
