3156 5082
654 530 689 542 ..
707 501 742 555 6¹1
761 527 796 544 .-

218 626 350 696 toribus
367 627 402 693 in
420 627 553 694 theatro
568 646 723 695 securam
744 626 902 714 captandi
927 626 1142 717 voluptatem
1159 627 1233 695 ani-

214 755 309 802 mus,
328 735 459 824 Abjeoit
474 735 578 824 igitur
593 741 722 813 noster,
740 754 843 822 quam
868 734 902 801 in
921 739 1105 817 Lysistroto
1122 735 1235 803 adbuc

218 864 290 932 prae
309 863 346 912 se
364 843 489 911 tulerat
509 847 543 911 ot
558 842 718 910 omnibus
733 840 776 908 ad
788 843 885 909 illum
898 841 990 910 diem
1004 848 1236 932 praeposuerat

217 949 355 1032 fabulis,
381 971 498 1020 curam
518 949 738 1040 reipublicae;
766 951 870 1038 inque
892 950 1063 1018 comoedia
1078 969 1120 1017 ex
1141 950 1234 1018 litte·

217 1077 332 1126 rarum
353 1058 476 1126 studiis
503 1064 680 1147 quaerente
706 1060 896 1139 materiam,
920 1065 954 1126 et
974 1062 1119 1126 suamet
1134 1057 1236 1125 Atha-

216 1167 392 1234 niensium
408 1171 562 1234 mentem
589 1185 607 1232 a
632 1165 835 1254 gravissima
857 1151 1088 1232 'sollicitudine
1117 1164 1236 1234 remit·

217 1279 291 1342 tere
311 1275 468 1342 tentavit.

265 1380 400 1450 Fabulae
414 1381 524 1450 ambae
536 1380 708 1469 Euripidis
720 1379 833 1448 adbuc
846 1381 914 1449 vivi
931 1380 1092 1470 primum,
1108 1379 1235 1449 deinde

217 1487 343 1556 mortui
368 1487 535 1568 studium,
562 1487 655 1576 quod
676 1489 777 1555 castis
813 1488 978 1571 moribus
997 1488 1104 1558 veteri
1131 1487 1230 1555 disci·

218 1597 321 1686 plinae
336 1603 370 1662 et
385 1595 538 1684 legitimo
552 1596 634 1662 artis
649 1595 780 1683 judicio
798 1595 983 1663 adversum
1008 1594 1234 1664 arbitrabatur

216 1704 381 1771 acerrime
405 1702 631 1792 impugnant;
661 1701 772 1770 ambae
797 1724 936 1790 quoque
965 1703 999 1769 in
1030 1702 1173 1771 deorum
1191 1703 1236 1769 ita

217 1812 428 1879 collocantur
447 1811 633 1900 patrocinio
646 1816 684 1878 ut
704 1810 792 1878 inter
807 1829 881 1877 aras
897 1818 931 1877 ot
946 1812 1074 1891 altaria,
1092 1831 1183 1878 nuno
1200 1811 1234 1877 in

219 1919 349 1986 urbano
363 1918 491 1987 Cereris
506 1915 597 2001 fano,
617 1939 709 1985 nunc
735 1919 770 1984 in
787 1917 881 1984 aditu
898 1918 972 1985 Orci
988 1917 1043 1985 uel
1067 1917 1181 2007 potius
1199 1920 1233 1984 in

218 2027 380 2095 Eleusinii
402 2027 518 2115 templi
538 2026 669 2106 limine,
686 2025 824 2093 inducta
837 2026 1079 2112 mysteriorum
1097 2045 1233 2116 pompa,

216 2140 374 2224 agantur.

265 2243 506 2332 Tesmophoria
527 2263 621 2311 sacra
636 2250 732 2311 erant
747 2244 782 2309 in
810 2244 978 2311 honorem
996 2243 1151 2310 instituta
1173 2245 1232 2310 Ce-

217 2351 313 2431 reris
335 2367 444 2442 θεσμοὺς
464 2351 497 2418 iri
522 2357 574 2420 est
600 2352 692 2440 leges
717 2350 882 2438 quasdam
904 2350 948 2418 do
974 2350 1135 2416 humanm
1152 2349 1232 2417 vitae

217 2459 466 2528 consuetudine
497 2466 531 2527 et
562 2458 729 2548 praecipue
760 2457 803 2526 de
832 2457 1014 2526 connubiis
1046 2455 1188 2525 ferentis
1208 2461 1232 2522 ¹.

217 2570 321 2637 Docet
341 2587 404 2636 nos
428 2567 622 2636 Herodotus
640 2571 653 2614 2
670 2567 837 2634 solemnia
861 2566 918 2634 illa
947 2567 1018 2656 jam
1046 2565 1235 2652 antiquitus

216 2675 310 2766 apud
342 2675 513 2766 Pelasgae,
545 2676 821 2764 Peloponnesum
856 2673 1058 2752 incolentes,
1083 2673 1235 2761 riguisse

216 2792 320 2872 atque
340 2783 477 2852 indeed
494 2789 614 2872 gentes
630 2803 751 2850 omnes
766 2781 879 2849 Ionica
894 2782 1025 2869 origine
1044 2781 1231 2848 transiisse.

216 2887 1235 2978 CelebrabanturPyanepsionisautumnalimensequofru-

216 3018 278 3088 ges
292 3019 405 3066 serere
421 3018 496 3066 mos
513 3006 594 3077 erat,
614 2998 660 3063 ita
679 3004 716 3062 ut
740 2996 840 3062 Attici
864 2995 927 3062 soli
946 2995 1095 3075 ubertas,
1113 2996 1234 3062 Cerere

217 3106 364 3190 favente,
386 3113 421 3173 et
447 3104 747 3172 matrimoniorum
772 3109 863 3170 rasta
895 3101 1086 3170 fecunditas
1112 3099 1235 3168 iisdem

217 3201 322 3282 sacris
339 3219 373 3282 et
390 3213 548 3310 precibus
571 3213 801 3302 jungerentur
818 3215 844 3275 3.
864 3211 944 3287 Quae
968 3208 1125 3298 quamvis
1145 3229 1234 3296 mys-

218 3321 283 3388 tica
299 3327 415 3389 essent
435 3327 468 3388 et
486 3320 623 3388 seminis
638 3325 772 3387 tantum
798 3323 926 3406 aperta,
952 3316 1083 3385 nullam
1108 3314 1234 3384 admit-

217 3428 336 3496 tebant
359 3427 608 3506 initiationem;
631 3425 692 3495 sed
708 3446 727 3492 a
742 3425 929 3493 liberorum
946 3425 1102 3492 omnium
1119 3425 1235 3511 conju-

217 3535 330 3625 gibus,
360 3537 448 3604 inter
478 3553 600 3624 graues
639 3532 806 3622 quasdam
840 3532 1065 3614 caerimoniae
1090 3530 1232 3620 jejunia,

217 3643 529 3732 abstinentiamque
561 3642 608 3710 rei
639 3661 804 3724 venereae,
824 3639 918 3708 unde
943 3638 1178 3708 cavillationes
1202 3643 1235 3704 et

250 3937 258 3972 ¹
278 3939 313 3988 Gi.
331 3940 452 3994 Pertusa,
470 3935 565 3987 Grierir.
582 3935 691 3998 mythol„
705 3939 724 3996 l,
739 3937 785 3985 639
801 3939 824 3986 at
837 3949 888 3996 seq.

250 4017 262 4052 ¹
279 4021 382 4078 Hauon,
399 4021 429 4074 ΙΙ,
447 4021 499 4066 tlt.

249 4099 261 4134 ⁸
275 4102 336 4166 Περὶ
351 4106 393 4160 τῆς
403 4105 449 4152 τῶν
462 4105 561 4164 καρπῶν
576 4099 693 4162 γενέσεως
707 4099 801 4158 καὶτῆς
815 4102 863 4146 τῶν
878 4095 1011 4162 ἀνθρώπων
1025 4096 1126 4158 σπορᾶς.
1144 4091 1231 4140 Senon.

217 4183 249 4230 ad
264 4183 365 4230 tartari.
380 4179 442 4228 utut.
461 4183 569 4240 trierem,
585 4183 614 4238 11,
633 4185 652 4228 t.
