3156 5082
758 538 914 592 -118-

331 663 460 732 nioiosa
480 660 645 752 sapientia
661 661 809 749 juranos
831 657 1050 731 informantis
1073 659 1242 728 ambobus
1256 681 1343 750 prae-

332 776 461 840 textam
489 769 597 836 inisse
619 773 765 836 constat.
788 768 864 834 Non
890 755 1014 834 eodem
1029 774 1145 835 tamen
1172 766 1289 848 modo,
1313 769 1344 836 si

331 897 404 945 rem
438 875 541 942 altius
567 873 759 963 perspicere
786 871 944 940 velimus.
967 873 1215 940 Gravissimum
1238 873 1343 941 hahe-

331 1003 408 1050 mus
429 987 552 1049 testem
581 981 752 1048 Socratem
772 981 898 1068 ipsum,
924 987 982 1046 aut
1012 978 1134 1048 saltem
1168 980 1344 1072 Platonem

330 1090 365 1156 in
380 1091 550 1172 Apotopto,
566 1087 624 1174 qui
644 1085 713 1154 duo
729 1104 854 1176 genera
868 1085 1151 1156 calumniatorum
1167 1087 1203 1152 in
1221 1089 1344 1176 magis·

330 1202 422 1262 trum
436 1195 482 1262 ait
496 1195 715 1282 processisse,
739 1194 881 1281 priores,
904 1193 1053 1260 comicos
1068 1192 1208 1272 scilieet,
1227 1194 1342 1261 inania

330 1301 488 1388 quaedam
504 1300 882 1388 atridioulajaotantes:
905 1303 914 1348 ¹
935 1334 945 1362 ι
965 1312 1103 1387 Σωκράτης
1119 1309 1202 1369 ἀδικεῖ
1213 1315 1259 1368 καὶ
1272 1335 1344 1393 περι-

329 1423 476 1498 ιργάζιται,
499 1426 581 1486 ζητῶν
602 1421 637 1476 τά
660 1440 688 1476 τι
708 1421 760 1476 ὑπὸ
778 1428 826 1496 γῆς
843 1424 887 1477 καὶ
907 1422 941 1476 τὰ
966 1419 1123 1496 theopiste,
1138 1421 1184 1476 καὶ
1204 1422 1250 1476 τὸν
1275 1423 1345 1482 ἥττω

330 1529 406 1604 λόγον
426 1531 533 1604 aprino
549 1533 629 1585 ποιῶν
649 1529 694 1583 καὶ
717 1524 812 1590 ἄλλους
827 1532 915 1582 ταῦτα
932 1523 1074 1582 διδάσκων.
1095 1504 1343 1584 νΒθΟθΠῑΪΟΫΘὲ

330 1620 454 1689 deinde
471 1621 581 1688 molto
594 1620 844 1700 acerbissimae,
860 1640 1007 1708 quornm
1026 1621 1280 1690 accusationem
1297 1622 1340 1689 ad

325 1727 494 1818 judicium
526 1728 730 1815 exscriptam
761 1747 832 1794 non
861 1726 954 1794 Plato
978 1731 1113 1812 tantum
1136 1726 1197 1796 sed
1218 1749 1342 1796 monu-

331 1841 444 1902 menta
458 1833 593 1922 puhliea
606 1839 829 1902 servaverunt
845 1857 851 1899 :
868 1867 878 1896 ι
899 1835 986 1903 itast
998 1847 1137 1923 Σωκράτης
1152 1849 1198 1910 οὓς
1211 1850 1255 1924 μιν
1267 1848 1344 1912 πόλις

329 1958 425 2030 νομίζει
446 1958 518 2018 θεοὺς
542 1958 572 2009 οὐ
597 1956 718 2030 νομίζων,
745 1955 821 2030 ἕτερα
840 1952 867 2010 δὲ
890 1956 969 2010 καινὰ
990 1951 1116 2030 δαιμόνια
1138 1958 1339 2032 εἰσηγούμενος·

329 2059 413 2116 ἀδικεῖ
427 2059 453 2116 δὲ
467 2063 512 2117 καὶ
527 2064 589 2123 τοὺς
606 2063 678 2124 νέους
700 2057 870 2138 διαφθείρων·
888 2063 991 2137 τίμημα
1009 2061 1124 2124 θάνατος
1142 2063 1166 2118 2.
1185 2084 1195 2112 ι

374 2157 454 2222 Haeo
467 2155 496 2221 si
509 2155 729 2233 conferimus,
748 2174 861 2242 neque
875 2155 963 2222 inter
978 2175 1014 2222 se
1030 2175 1140 2244 neque
1153 2177 1231 2224 aum
1243 2155 1342 2223 fabu-

331 2252 385 2334 lae,
403 2252 515 2341 qualis
535 2257 668 2319 servata
680 2259 744 2331 est,
763 2271 875 2340 neque
889 2273 1006 2319 rursus
1020 2273 1097 2319 eum
1109 2253 1262 2342 priorum
1278 2257 1344 2319 No-

329 2367 423 2426 biom
435 2365 631 2448 congruunt
646 2360 823 2448 proposito
835 2383 844 2438 ;
874 2358 934 2426 sed
957 2359 1166 2448 respondent
1188 2382 1228 2428 ex
1250 2367 1343 2452 parte

329 2474 434 2534 sextae
455 2467 659 2555 hypothesis
676 2467 872 2534 testimonio
892 2471 916 2548 ³,
938 2488 1015 2555 quae
1029 2469 1342 2556 utriusqnesermo·

330 2571 1343 2663 nisaemulationemetppommpevincendiumadoorreotio·

329 2699 409 2745 nem
425 2680 563 2746 inventa
580 2679 685 2747 fuisse
708 2679 821 2746 trudit.
836 2680 923 2757 Ouid
939 2681 1020 2748 inde
1035 2679 1167 2750 adrem
1189 2689 1343 2750 nostram

329 2777 508 2872 sequitur?
523 2785 653 2874 Nempe
669 2786 916 2874 Aristophanes
929 2774 1078 2876 primum
1087 2795 1225 2878 propter
1235 2789 1342 2858 subti-

327 2892 396 2958 lem
410 2884 602 2958 dissere'ndi
618 2892 797 2972 rationem,
821 2913 981 2982 operosas
998 2915 1107 2984 nugas
1129 2905 1224 2987 (λήρων
1242 2908 1343 2987 διατρι-

328 3012 373 3070 6ην
387 3007 481 3086 ἀργὸν)
502 2997 515 3042 4
533 3002 566 3064 et
581 2998 800 3086 physicorum
827 2999 978 3086 inoptam
1005 2999 1260 3090 indagationem
1281 3005 1340 3072 So·

285 3131 287 3135 ·
328 3105 455 3170 cratem
471 3102 685 3192 impugnavit
699 3127 705 3180 ;
732 3101 856 3196 deinde
873 3105 907 3170 in
929 3111 1107 3173 retraetata
1121 3107 1237 3176 fabula
1250 3107 1341 3178 desi-

328 3206 442 3274 dentis
463 3208 651 3298 disciptinae
667 3215 700 3275 et
725 3231 860 3277 morum
891 3212 1092 3302 corruptelae
1117 3213 1215 3281 illurn
1244 3235 1340 3282 raum
1398 3247 1407 3260 ·

327 3311 406 3380 fecit
423 3339 429 3380 :
445 3313 490 3380 ita
507 3299 544 3380 ht
559 3308 657 3381 novae
674 3302 778 3381 tiones·
792 3314 901 3404 magis
913 3318 1017 3386 Meliti
1038 3315 1245 3387 ¹accusationi
1267 3313 1339 3388 ros-

329 3420 504 3512 p'ondeant
518 3425 619 3510 quam
638 3421 780 3508 priores,
795 3425 829 3490 et
841 3423 993 3492 Socrates
1005 3425 1032 3492 si
1045 3415 1232 3494 eorr‘eotam
1246 3427 1341 3496 fahu-

327 3525 395 3591 lam
420 3526 585 3604 novisset,
615 3546 685 3593 non
717 3527 784 3596 duo
810 3550 935 3619 genera
961 3532 1248 3601 calumniatorum
1280 3527 1341 3603 sed

330 3636 438 3700 n'num
458 3624 676 3733 ottereide‘m
706 3619 883 3705 habuisset
898 3637 1137 3708 refellendum.

372 3736 469 3804 Adde
489 3737 581 3824 qnod
609 3739 752 3808 deorum
782 3743 955 3832 negationi
992 3729 1141 3833 primum
1168 3748 1281 3814 locum
1307 3753 1341 3816 et

359 3951 368 3984 ¹
387 3954 471 4009 Puris„
488 3951 564 4014 Apol„
583 3956 609 4000 18
622 3956 650 4009 Α,
670 3957 696 4001 ta
713 3955 756 4002 BC.

357 4029 369 4063 ⁹
386 4035 431 4086 In,
448 4027 476 4078 it
493 4027 519 4087 Β,
536 4027 559 4079 et
570 4015 677 4080 Priavo'n.
691 4020 759 4092 thau
777 4033 845 4083 [hoe.
863 4025 963 4093 L‘a'nnr„
978 4039 1006 4093 ΙΙ,
1025 4023 1062 4085 ib.

358 4111 369 4144 ³
387 4105 602 4161 Correotani'haho
617 4101 773 4174 hppothosim
787 4109 838 4164 ¹vid.
849 4099 920 4176 ap'r'rd‘
930 4093 1051 4176 rhaetia,
1065 4129 1105 4178 op.
1120 4106 1172 4175 'aih'
1187 4133 1211 4180 p.
1228 4123 1250 4167 t.

358 4190 369 4225 ⁴
386 4194 456 4252 itan,
477 4191 545 4242 ¹497.
