3156 5082
641 533 667 544 ,
695 503 728 558 73
750 534 783 543 -

198 651 279 700 sam
299 635 307 679 ¹
329 654 335 697 :
368 628 412 698 de
436 648 502 718 qua
529 629 732 698 Plutarchus
746 629 820 697 haec
836 628 938 698 tradit
956 632 969 675 2
991 651 998 695 :
1024 659 1034 692 ι
1063 640 1169 698 uttan
1190 639 1224 695 τὰ

198 761 298 833 πρῶτοι
311 757 356 812 καὶ
373 752 529 832 περιδρομαὶ
546 751 669 817 κοπώδεις
694 754 739 808 καὶ
758 749 802 809 διὰ
827 751 939 816 σκότους
952 753 1019 815 τινὲς
1035 751 1150 808 ὕποπτοι
1172 771 1224 808 ποό

196 871 274 940 paim
286 847 330 918 οιαὶ
346 864 497 920 aerum·
517 857 575 919 εἶτα
590 863 642 940 πρὸ
656 867 701 918 τοῦ
719 863 808 926 τέλους
826 864 909 918 αὐτοῦ
925 862 970 920 καὶ
986 861 1020 918 τὰ
1033 859 1103 918 διινόι
1120 861 1222 932 πάντα,

197 975 280 1049 φρίκη
301 973 346 1028 καὶ
359 972 467 1049 τρόμος,
483 973 528 1028 καί
546 969 622 1048 ἱδρὼς
636 973 681 1028 καὶ
696 973 794 1048 θοὶμόσς
810 986 817 1001 ·
834 974 860 1028 τίι
876 968 903 1027 όό
926 973 1034 1043 τούτου,
1047 979 1102 1047 φῶς
1120 991 1145 1028 τι
1160 973 1225 1026 θαυ-

200 1082 302 1158 μάσιον
327 1084 495 1153 ἀπήντησιν,
512 1081 528 1142 t
545 1082 622 1139 τόποι
645 1083 757 1158 καθαροὶ
777 1084 822 1138 καὶ
844 1084 959 1160 λειμῶνες
977 1079 1115 1153 ἐδέξαντο,
1140 1081 1225 1157 φωνὰς

198 1196 249 1249 οιαὶ
275 1195 388 1270 χωμείας
409 1197 454 1250 καὶ
480 1169 643 1270 σεμνότητος
667 1195 841 1271 ἀκουσμάτων
868 1196 938 1272 ἱερῶν
960 1197 1005 1250 act
1029 1193 1224 1270 φαντασμάτων

203 1304 286 1378 ἁγίων
301 1299 419 1376 ἔχοντες,
440 1327 466 1359 ι.
486 1323 511 1358 ι.
529 1303 554 1360 t.
578 1289 764 1358 Lucianum
781 1309 918 1380 quoquc
930 1295 1105 1358 auctorem
1122 1288 1224 1357 hahe-

203 1419 284 1470 mus
302 1399 315 1443 3
334 1397 376 1464 ab
392 1396 535 1466 initiatis
564 1397 601 1464 in
631 1397 751 1486 templi
777 1397 1022 1486 penetralibus
1048 1397 1112 1464 iter
1137 1417 1223 1484 quo·

206 1505 394 1576 dammodo
410 1525 470 1594 per
491 1506 668 1574 Tartamm
692 1506 825 1586 confici,
848 1527 917 1594 quo
943 1505 1069 1575 deinde
1092 1505 1128 1573 in
1144 1505 1223 1593 Ely-

206 1617 294 1684 siam
309 1614 506 1684 felicitatem
523 1612 682 1681 evadant.

251 1723 311 1791 His
338 1721 508 1811 praedictis
542 1741 612 1788 non
640 1720 725 1790 adeo
755 1721 901 1789 arduum
928 1722 991 1789 erit
1030 1721 1223 1810 perspicere

207 1829 290 1920 quid
308 1850 348 1898 ex
369 1829 551 1896 Eleusiniis
565 1829 780 1898 solemnibus
790 1830 1037 1920 Aristophanes
1052 1828 1096 1896 ad
1112 1833 1224 1896 Runa-

208 1962 289 2006 ruro
318 1937 532 2029 propositum
559 1940 776 2008 converterit.
805 1940 917 2006 Unum
946 1939 1095 2030 primum
1131 1937 1224 2028 quod

208 2053 520 2118 commentatorum
537 2047 680 2128 nemini,
698 2048 731 2114 ni
754 2048 863 2132 fallor,
884 2049 1050 2117 hactenus
1067 2051 1224 2117 notatum

207 2163 287 2228 est:
314 2156 485 2246 propriam
511 2175 634 2244 nempe
661 2158 903 2244 mysteriorum
937 2156 1225 2246 significationem

208 2263 1225 2355 etuniversamspeciemformidandiitinerispertenebrosa

209 2374 294 2453 loca,
319 2393 467 2462 quorum
489 2372 553 2440 sub
581 2373 674 2440 exitu
695 2392 798 2440 sacrae
828 2373 956 2440 micant
976 2372 1086 2454 taedae,
1103 2372 1222 2441 heato-

208 2501 286 2584 rpm
301 2481 412 2550 nitent
428 2480 540 2560 sedes,
564 2480 749 2550 dulcisonae
773 2499 874 2548 voces
901 2480 1116 2570 obstrepunt,
1136 2501 1223 2570 prae-

208 2589 276 2656 mia
296 2587 506 2656 initiatorum
530 2589 756 2657 obversantur
780 2589 889 2658 oculis
907 2590 933 2656 l.
961 2592 1102 2672 Παρωδιιο
1122 2589 1226 2679 igitur

208 2696 380 2764 hahemus
397 2696 648 2765 Eleusiniorum
669 2717 738 2766 non
756 2699 790 2764 in
816 2717 856 2766 ea
872 2702 1005 2767 tantum
1030 2703 1126 2788 parte
1145 2719 1222 2787 quae

208 2805 393 2892 mysticum
411 2805 556 2872 chorum
572 2805 714 2886 inducit,
730 2806 791 2875 sed
818 2807 853 2873 in
872 2806 1034 2875 omnibus
1048 2807 1105 2875 vel
1120 2806 1220 2874 dictis

208 2913 263 2982 vel
277 2913 388 2994 factis,
402 2935 478 3003 quae
492 2915 655 2982 Hercules
671 2915 822 3003 primum
837 2915 880 2984 de
892 2915 1011 2984 inferis
1027 2914 1218 2996 cavillatur,

208 3021 332 3112 quillus
363 3027 481 3112 postea
502 3043 580 3090 cum
607 3022 737 3090 Baccho
766 3022 1014 3111 spectatoribus
1055 3023 1223 3092 interesse

209 3129 319 3197 datur.
335 3129 483 3198 lmitatio
497 3130 683 3198 tamenilla
710 3151 787 3218 quau
808 3129 1050 3216 mysteriorum
1077 3129 1222 3196 formam

209 3241 316 3304 totam
351 3235 580 3326 amplectitur,
600 3238 646 3304 ita
665 3235 872 3326 quibusdam
903 3235 1044 3324 poeticis
1072 3235 1223 3302 artificiis

210 3343 363 3412 involute
373 3350 437 3424 est,
448 3349 486 3412 ut
498 3345 616 3412 multis
632 3346 687 3412 vix
700 3344 908 3414 intellectam
922 3343 1029 3412 luisse
1041 3343 1224 3414 verisimile

210 3451 267 3531 sit,
285 3457 343 3518 aut
358 3450 481 3519 saltem
496 3457 635 3541 propter
650 3453 720 3520 uim
740 3452 905 3520 comicam
921 3459 1130 3530 excusatam,
1148 3473 1225 3540 quae

208 3559 409 3646 gravissima
425 3579 571 3648 quaeque
594 3560 749 3628 alacriter
769 3567 802 3628 et
824 3561 971 3628 innocue
995 3559 1029 3626 iu
1058 3559 1225 3627 solutissi-

208 3689 282 3736 mas
297 3668 438 3736 facetias
453 3669 603 3738 verterit.
627 3671 743 3758 Neque
759 3669 1016 3738 irreverentiam
1027 3674 1136 3758 poetae
1151 3667 1222 3736 cul-

209 3796 289 3866 pare
305 3783 477 3867 poterant,
495 3777 552 3866 qui
570 3798 637 3844 non
656 3783 724 3844 tam
755 3777 926 3846 llleusiniu
949 3796 1052 3865 quam
1067 3776 1222 3866 philoso-

238 3993 246 4026 ¹
267 3995 600 4053 ιιοιιυτ.,1ιιιι·ι.,ι.οι,
618 3997 655 4043 tl.
674 3997 758 4052 Scau,
780 3998 844 4055 Vtrp.
860 3999 927 4051 Ἐν..
944 3998 983 4053 lV,
1003 3999 1057 4043 aaa.

236 4071 248 4106 ¹
267 4076 421 4128 l‘uuraacn„
435 4077 510 4134 Frop.
527 4076 556 4124 de
568 4078 657 4134 antra,
674 4079 712 4134 ³5,
726 4078 792 4136 apud
809 4079 892 4134 saon,
907 4075 985 4133 Πομ,
1003 4077 1075 4132 CXX,
1091 4078 1129 4122 28.

237 4153 249 4188 ³
265 4157 379 4212 Luciam,
395 4155 503 4216 oolam„
520 4159 557 4204 aa.

237 4235 248 4269 ⁴
266 4237 339 4294 llam,
354 4236 400 4286 llo
416 4241 439 4284 ot
455 4251 509 4298 seq.
