3156 5082
794 503 937 558 ..63-

355 631 484 701 lacetiae
494 651 565 699 non
578 629 732 710 aberant,
745 627 936 718 agebantur
956 632 979 695 ¹.
1007 632 1198 710 Lysistrete
1222 629 1381 717 proposi-

356 747 430 809 tum
441 739 597 807 multaex
609 735 1219 826 Thesmophoriorumconsuetudine
1230 737 1380 804 traxisse

356 847 517 916 omuibus
531 845 660 935 patebit
677 849 711 910 ²:
728 863 832 932 quam
848 864 889 912 ex
910 844 1005 911 omni
1017 850 1112 932 parte
1124 844 1159 910 in
1179 845 1380 932 insequenti

355 954 469 1023 fabula
489 952 736 1042 Aristophanes
757 949 936 1039 expressit.
957 949 1153 1038 Euripidem
1171 972 1277 1039 quum
1294 951 1375 1028 sibi,

356 1063 540 1132 mulierum
557 1080 706 1140 osorem,
722 1056 939 1126 irridendum
955 1063 1176 1146 proponeret,
1195 1077 1265 1126 non
1279 1056 1379 1125 dubi-

355 1171 440 1238 tavit
462 1169 581 1237 fanum
600 1155 728 1236 Cereris
754 1186 918 1248 reserare,
945 1165 1027 1233 satis
1052 1171 1249 1234 reverenter
1278 1184 1377 1235 sacra

353 1277 517 1360 imitatus
551 1281 585 1345 at
611 1275 788 1343 lasciviam
820 1271 1019 1362 hujusmodi
1048 1272 1263 1341 solemnibus
1286 1293 1370 1361 pro-

355 1387 476 1476 priam,
500 1387 535 1452 in
556 1390 726 1473 quaestum
740 1383 822 1449 artis
839 1401 909 1448 suae
924 1387 1069 1450 vertere.

399 1493 488 1561 lllud
505 1492 546 1559 iis
562 1488 906 1559 animadvertendum
926 1489 1001 1565 erit,
1019 1489 1078 1578 qui
1101 1508 1213 1558 mores
1228 1493 1376 1556 castosa

355 1601 519 1690 religione
548 1600 729 1688 sejungere
757 1597 880 1679 nolint,
899 1596 990 1686 apud
1014 1596 1243 1665 Athenienses
1257 1595 1375 1662 libidi-

353 1731 438 1777 num
454 1707 623 1778 illecebris
638 1707 726 1775 inter
741 1726 836 1776 sacra
852 1704 993 1773 concedi
1007 1704 1132 1772 locum.
1155 1703 1305 1771 Lascivis
1319 1723 1373 1770 ca-

354 1815 588 1885 villationibus
599 1819 632 1882 et
647 1813 806 1882 liberiore
821 1812 864 1880 ad
880 1816 1038 1880 nostrum
1049 1809 1219 1900 judicium
1238 1817 1373 1900 spocta-

354 1925 420 1992 culi
435 1930 598 2013 apparatu
614 1922 742 1990 Ccrcris
757 1922 970 2009 majestatem
995 1918 1112 1986 violari
1129 1918 1259 1986 nemini
1292 1940 1371 1986 suc-

354 2029 522 2098 currebat.
557 2029 619 2097 Vel
650 2027 889 2115 antiquissima
920 2027 1048 2094 Cereris
1086 2024 1232 2091 fabula³
1263 2025 1373 2092 filiam

353 2138 557 2226 requirentis
584 2156 654 2204 non
676 2135 802 2203 absunt
826 2133 1035 2202 deverticula
1068 2133 1229 2220 quaedam
1257 2134 1373 2223 turpia

356 2247 427 2335 (pro
447 2249 675 2314 nostromore
702 2244 834 2332 loquor)
866 2265 942 2332 quae
964 2243 1158 2311 Graeoorum
1183 2262 1302 2322 nemo,
1333 2248 1373 2310 ut

355 2354 487 2444 opinor,
518 2373 579 2442 por
609 2351 881 2442 indignationem
908 2354 1054 2442 excepit.
1072 2353 1311 2441 Aristophanis
1331 2352 1373 2418 li-

354 2463 476 2542 centia,
496 2461 603 2529 oculis
623 2481 694 2527 aon
713 2477 818 2548 pauca
840 2459 1051 2548 subjicientis
1071 2461 1106 2527 in
1132 2459 1257 2548 quibus
1274 2479 1371 2528 seve-

353 2571 435 2637 ritas
459 2574 576 2636 nostra
602 2566 757 2646 offendit,
785 2573 914 2646 sancto,
933 2567 977 2635 sit
1007 2567 1105 2656 vania
1130 2568 1247 2649 verbm
1267 2566 1372 2636 docu-

354 2681 471 2745 mento
495 2681 698 2765 provocata,
723 2674 805 2741 item
839 2675 1076 2743 excusabatur.
1098 2675 1188 2743 Infra
1219 2682 1372 2745 ceterum

352 2783 594 2853 adnotabimus
610 2803 713 2871 quam
745 2803 828 2871 pure
854 2789 887 2850 ct
912 2787 1004 2851 caste
1028 2784 1061 2850 in
1096 2788 1370 2868 Thesmophorio-

352 2899 442 2959 zasts
461 2892 611 2960 comicus
638 2890 721 2958 deos
747 2891 875 2980 patrios
891 2896 1048 2981 precatus
1066 2892 1131 2971 sit,
1159 2892 1272 2979 qualia
1297 2912 1367 2959 car-

353 3001 447 3068 mina
463 2999 690 3068 sanctissimis
706 2999 859 3066 fontibus
875 2997 1007 3067 detorta
1029 2999 1168 3067 acharo
1192 3006 1368 3078 canantur,

352 3109 621 3198 quaescntentiae
640 3107 683 3174 de
701 3107 765 3174 diis
781 3107 906 3197 impios
922 3105 1168 3196 castigantibus
1193 3114 1227 3176 et
1247 3112 1369 3175 morta-

353 3213 395 3281 lia
437 3235 539 3305 opera
577 3208 840 3284 obseruantibus
870 3213 1111 3304 praedicentur.
1141 3215 1216 3282 Non
1246 3215 1370 3304 injuria

352 3323 386 3387 C.
410 3323 508 3390 Koclr
532 3322 702 3389 affirmare
723 3323 876 3409 potuisse
901 3321 1037 3391 videtur
1054 3324 1080 3402 l,
1103 3323 1139 3388 in
1169 3323 1232 3390 bac
1255 3322 1369 3389 fabula

384 3551 392 3585 ¹
411 3555 565 3608 Gnnounnus.
583 3558 614 3603 Dc
631 3553 763 3609 meteorol..
780 3557 814 3611 ΙΙ,
829 3569 853 3614 p.
874 3559 930 3613 tta,
948 3556 974 3602 iu
992 3557 1192 3618 Thesmophoriis
1210 3558 1278 3604 haud
1297 3569 1367 3604 secus

351 3638 424 3695 atquo
448 3635 474 3682 in
501 3636 634 3685 Eleusiniis
663 3636 808 3696 popularem
835 3636 861 3682 iu
888 3637 990 3684 modum
1012 3637 1113 3696 iocandi
1137 3651 1232 3685 morem
1260 3639 1368 3685 extitisse

353 3713 433 3761 tradit.

381 3793 393 3828 ²
410 3795 590 3843 abstinentiam
610 3799 733 3857 precipua
749 3798 784 3844 rei
797 3811 917 3857 venereae,
935 3799 1001 3846 unde
1018 3799 1091 3846 totius
1106 3799 1197 3846 tabula
1213 3799 1366 3858 propositum

352 3876 461 3924 deduxit.

382 3955 393 3988 ³
409 3959 441 4003 la
454 3956 549 4018 ltymais
561 3957 687 4006 homericis
702 3959 738 4018 (V,
753 3962 817 4018 202).
831 3962 914 4008 lambe
928 3959 1023 4008 lucetiis
1037 3959 1143 4024 (χλεύῃς)
1158 3961 1250 4008 Cereris
1262 3962 1367 4007 conatur

351 4037 464 4084 animum
482 4040 617 4096 remittoro3
630 4041 727 4088 easdam
745 4042 827 4089 Baubo
843 4043 909 4102 apud
923 4042 1038 4102 orphicos
1053 4041 1206 4090 lasciviorem
1220 4043 1247 4089 in
1264 4043 1366 4090 modurn

351 4117 460 4165 adhibet.
475 4119 509 4166 cr.
529 4121 633 4177 tanuen,
648 4120 777 4180 delectata,
792 4125 836 4170 818
850 4128 873 4170 ct
888 4136 938 4182 seq.
956 4139 961 4168 :
978 4123 1007 4170 do
1022 4123 1106 4169 Baubo
1119 4126 1142 4169 at
1157 4123 1250 4170 Geram.

381 4196 391 4230 ⁴
408 4199 583 4259 Aristophanes
597 4201 652 4252 aaa
669 4202 707 4251 dte
721 4205 809 4252 Goetter
824 4204 865 4252 dea
883 4201 1076 4266 temptatam,
1090 4217 1114 4264 p.
1131 4207 1183 4252 100.
