3156 5082
651 529 811 586 -lle-

226 661 260 724 et
280 655 399 744 viginti
416 655 514 724 annis
528 659 605 744 post
625 655 851 745 philosophus
870 655 1053 724 damnatus
1066 657 1142 737 luit,
1165 678 1236 726 non

226 763 451 842 accusationis
467 769 601 829 tantum
617 763 800 830 formulam
817 761 1038 850 sedjudicum
1049 764 1150 832 etiam
1163 785 1239 833 sen-

226 871 369 936 tentiam
396 868 534 937 videtur
562 869 789 958 suggessisse.
807 870 908 946 Quod*
922 872 980 958 qui
998 869 1071 938 fieri
1088 873 1239 959 potuerit

227 980 261 1044 et
279 981 447 1062 quatenus
464 976 618 1044 excusari
631 975 701 1064 jam
723 995 813 1064 saepe
828 983 908 1044 ante
934 997 999 1044 nos
1018 977 1237 1046 animadver-

227 1103 305 1150 sum
316 1089 368 1152 est
383 1102 495 1170 neque
510 1065 711 1172 ampliorem
728 1082 784 1151 hic
810 1084 1111 1173 investigationem
1128 1085 1237 1172 requi-

226 1189 280 1256 rit.
298 1189 508 1277 Quicumque
526 1189 656 1258 litteras
676 1210 803 1279 graecas
819 1210 888 1257 non
904 1211 965 1278 pro
982 1191 1091 1259 nostri
1107 1197 1237 1279 tempo·

226 1296 273 1363 ris
288 1295 507 1384 opinionibus
523 1295 583 1364 sed
599 1297 755 1364 restituta
769 1296 1020 1386 praeteritorum
1040 1297 1189 1386 imagine
1205 1303 1239 1364 et

133 1491 136 1496 Ι
226 1421 287 1493 pro
311 1404 477 1491 cujusque
503 1404 612 1470 aetatis
636 1403 885 1472 consuetudine
911 1397 1092 1493 explanare
1108 1404 1233 1484 solent,

227 1529 297 1577 non
311 1513 497 1597 potuerunt
509 1510 590 1596 quin
606 1509 870 1598 Aristophanem
895 1510 938 1578 de
959 1509 1107 1590 Socrate,
1133 1519 1172 1579 ut
1192 1511 1235 1580 de

227 1615 459 1705 sophistarum
478 1617 641 1705 principe,
658 1616 882 1706 judicantem,
897 1619 997 1685 sinon
1010 1639 1124 1688 errore
1141 1619 1236 1687 omni

226 1727 260 1789 at
278 1722 398 1790 saltem
418 1722 583 1810 improbae
610 1723 782 1811 opinionis
804 1722 945 1792 crimine
959 1722 1155 1794 liberarent.
1171 1727 1235 1803 Qui

227 1831 260 1896 in
279 1829 523 1918 philosophum
534 1821 750 1910 invehendo,
769 1852 855 1919 opus
880 1850 916 1898 se
941 1831 1134 1920 reipublicae
1155 1833 1237 1900 utile

226 1937 380 2004 futurum
396 1943 430 2004 et
443 1937 530 2004 siout
545 1936 588 2004 de
604 1935 777 2023 equitibus
800 1937 871 2005 suis
887 1938 1003 2006 Cleoni
1022 1936 1236 2006 adversanti-

226 2042 290 2111 bus
301 2043 491 2132 profitetur,
511 2043 626 2131 patriae
646 2042 797 2109 auxiliari
821 2049 923 2132 atque
952 2045 1139 2134 gentilibus
1166 2045 1233 2114 diis

226 2149 377 2238 putabat.

271 2257 338 2323 Etsi
356 2255 527 2322 innumeri
540 2263 621 2323 sunt
637 2255 712 2324 libri
723 2258 848 2344 quibus
859 2259 1003 2345 quaestio
1016 2259 1071 2325 illa
1088 2259 1236 2327 illustra-

227 2373 291 2444 tur,
310 2370 343 2432 et
362 2363 406 2430 ita
423 2362 500 2429 trita
516 2370 717 2450 argumenta
729 2363 889 2452 pleraque
905 2371 942 2430 nt
957 2384 996 2432 ea
1011 2365 1160 2453 amplius
1177 2387 1234 2434 ur-

227 2489 306 2559 gere
324 2467 541 2536 fastidiosum
557 2467 612 2548 sit,
631 2489 738 2536 unum
756 2471 919 2536 tamenin
938 2469 1083 2538 obscuro
1100 2471 1236 2540 videtur

227 2575 453 2656 remansisse;
470 2573 562 2662 quod
577 2574 656 2660 quia
669 2583 760 2642 arcte
780 2597 857 2642 cum
881 2575 990 2643 nostri
1021 2576 1129 2643 libelli
1158 2598 1238 2665 pro·

227 2685 336 2773 posito
345 2683 505 2761 cohaeret,
521 2682 722 2761 accuratius,
737 2682 874 2748 omissis
886 2682 973 2760 aliis,
986 2683 1050 2750 erit
1070 2685 1240 2751 excutien-

227 2791 322 2857 dum.
345 2789 383 2856 In
410 2785 656 2878 perpendenda
677 2787 915 2877 Aristophanis
936 2810 1014 2856 cum
1037 2790 1174 2857 Socrate
1191 2790 1237 2855 si-

226 2897 380 2978 multate,
399 2896 507 2963 haeret
520 2894 654 2961 animus
669 2894 903 2983 percontando
919 2902 1036 2962 ulrum
1061 2915 1120 2983 per
1136 2895 1238 2963 totius

227 3005 306 3071 vitae
316 3009 470 3071 tenorem
486 3002 637 3069 comicus
651 2999 808 3068 eamdem
819 3003 1005 3070 servaverit
1018 3003 1236 3081 sententiam,

226 3133 270 3179 an
283 3111 407 3180 certior
421 3112 530 3178 factus
546 3107 588 3177 de
609 3109 780 3177 socraticae
797 3109 974 3197 sapientiae
1002 3110 1035 3175 vi
1051 3115 1084 3175 et
1102 3108 1145 3176 de
1164 3129 1237 3175 ma-

227 3219 323 3308 gistri
338 3217 465 3297 indole,
482 3236 593 3284 seram
613 3217 808 3305 conceperit
837 3213 1072 3303 poenitentiam
1102 3219 1136 3280 et
1167 3233 1237 3279 cor-

228 3325 357 3393 rexisse
373 3324 531 3404 voluerit‚
556 3329 655 3392 aetate
681 3329 714 3390 et
741 3319 949 3411 experientia
981 3318 1114 3398 doctus
1144 3317 1237 3408 quod

223 3430 368 3519 juvenili
381 3430 502 3498 ardore
517 3430 679 3518 abreptus
697 3437 823 3497 temere
855 3428 1015 3496 emiserat
1031 3425 1212 3516 judicium.

273 3539 314 3604 Ut
329 3539 402 3626 jam
420 3558 513 3604 nuno
527 3535 699 3604 obstantia
714 3535 829 3602 omnia
855 3557 895 3602 cx
916 3535 1037 3601 itinere
1055 3539 1172 3600 nostro
1190 3552 1240 3598 re-

228 3665 441 3723 moveamus,
479 3649 557 3733 post
582 3647 686 3708 Nubes
716 3642 842 3730 quibus
870 3641 1016 3707 Socratis
1047 3639 1241 3706 continetur

228 3772 384 3829 censura,
407 3751 459 3818 bis
490 3749 604 3818 adhuc
619 3748 661 3816 ab
686 3749 912 3838 Aristophane
935 3749 969 3813 in
995 3746 1240 3835 philosophum

226 3860 367 3927 illusum
385 3865 448 3937 est,
467 3859 502 3925 in
518 3861 639 3924 Avibus
659 3877 783 3944 nempe
804 3862 905 3942 atque
920 3856 955 3921 in
976 3859 1075 3920 lionis
1093 3856 1118 3918 ¹.
1141 3853 1238 3920 Uter-

224 3985 292 4055 que
311 3967 407 4035 locus
430 3965 594 4034 innoxius
613 3964 683 4031 fere
699 3960 892 4041 habendus,
908 3979 1020 4047 neque
1045 3957 1114 4025 ullo
1134 3955 1239 4024 modo

253 4199 263 4236 ¹
283 4201 336 4256 Au,
352 4203 409 4248 ¹553
423 4205 446 4247 et
460 4213 511 4258 seq.
529 4201 602 4252 lion..
620 4197 679 4245 ll8‘2
693 4201 780 4256 etseq.
