3156 5082
782 538 925 626 -11-1

345 663 492 756 phorum
511 661 739 756 quorumdam
760 668 794 732 et
815 669 932 732 ratum
950 663 1085 732 somnia
1108 661 1145 730 iu
1169 661 1361 733 inferorum

347 771 764 862 descriptionevorsuntia,
780 771 1142 862 uidebaturexagitare
1161 797 1168 839 :
1186 773 1362 841 nonenim

346 895 487 974 ἀνόρρννα
501 881 557 948 illa
573 888 680 958 erant,
704 880 764 948 sed
785 880 903 948 multis
918 879 1054 962 libellis,
1073 879 1294 962 carminibus,
1312 881 1362 948 fa-

345 988 435 1056 bulis
452 989 528 1056 trita
544 993 577 1057 ot
593 987 747 1057 obsoleta
767 993 791 1055 ¹.

390 1097 548 1184 Mysteria
581 1117 687 1184 quum
721 1097 768 1164 ite
796 1097 831 1162 in
863 1097 1062 1164 universum
1094 1096 1246 1162 imitatos
1269 1105 1361 1166 esset

343 1203 602 1293 Aristophanen,
625 1223 666 1272 ex
682 1204 828 1294 singulis
844 1223 963 1272 eorum
981 1203 1133 1296 pertibus
1157 1224 1214 1274 eas
1231 1205 1360 1294 delegit

343 1333 418 1402 quae
429 1321 463 1381 ot
475 1313 598 1381 fahulae
613 1313 1062 1402 conducebantargomento
1075 1319 1108 1382 et
1121 1332 1207 1402 quas
1220 1313 1272 1380 fas
1285 1319 1359 1380 orat

345 1421 472 1488 comice
487 1440 663 1500 exornare,
686 1435 835 1512 πρόῥρνννν
856 1421 1004 1510 primum
1022 1423 1048 1499 2,
1063 1437 1129 1508 qua
1145 1440 1216 1487 non
1233 1421 1359 1510 impios

344 1533 378 1595 et
391 1527 552 1596 barbaros
581 1527 642 1597 sed
668 1527 845 1596 comoediau
862 1513 1076 1596 adversarios
1092 1537 1125 1596 et
1142 1543 1265 1616 γενναίων
1281 1537 1360 1618 ὄργια

343 1656 454 1706 uerear
481 1643 742 1705 contemnentes
769 1638 903 1705 theatro
931 1636 1048 1725 abigit,
1090 1637 1188 1726 Ϊανχνν
1215 1635 1356 1720 deinde,

345 1743 442 1812 idest
457 1763 620 1834 pompam
637 1765 705 1834 qua
718 1746 885 1832 mysticus
897 1745 1047 1812 Bacchus
1061 1745 1273 1813 initiatorum
1282 1745 1362 1813 oho-

344 1873 421 1918 rum
445 1872 485 1920 ex
513 1851 597 1919 urbe
622 1849 666 1919 ud
691 1852 841 1920 Eleusini
875 1851 1068 1940 fingebatur
1092 1851 1217 1920 ducere
1235 1857 1261 1920 ³.
1290 1853 1361 1930 Qua

344 1961 533 2028 imitatione
545 1981 614 2028 non
640 1979 761 2028 arcane
782 1962 918 2029 silentio
935 1961 1038 2049 digne
1053 1960 1228 2050 vulgabat,
1246 1980 1360 2050 neque

344 2067 583 2135 sacrificiorum
597 2068 940 2157 purificationemque
960 2068 1186 2137 dedecorabat
1202 2071 1357 2157 majesta-

345 2181 414 2244 tem
431 2201 439 2258 ;
455 2176 516 2244 sod
529 2198 606 2265 quae
619 2176 781 2265 frequens
794 2177 932 2256 civium,
946 2175 1169 2256 aduenarum,
1181 2197 1358 2245 servorum

345 2285 448 2353 etiarn
465 2285 662 2364 multitudo,
680 2305 803 2374 pompe
825 2290 1037 2362 transeunte,
1059 2284 1233 2372 adspicere
1249 2291 1283 2352 et
1299 2303 1358 2350 or-

345 2394 456 2483 cipere
483 2400 641 2482 poterant
661 2393 829 2482 expressit
856 2393 967 2459 :nihil
999 2400 1070 2459 erat
1094 2392 1187 2479 quod
1212 2413 1356 2474 novum,

344 2501 538 2569 inauditum
554 2501 705 2590 profanis
719 2508 752 2569 ot
767 2502 908 2569 initiatis
927 2506 1061 2569 tanturn
1080 2507 1292 2568 reservatum
1305 2502 1358 2580 vi,—

346 2609 494 2676 deretur.
527 2629 689 2698 Γεφνρννμῶν
712 2628 850 2696 quoquo
872 2608 1058 2696 imaginem
1079 2608 1258 2676 restituit4
1282 2631 1359 2697 qum

346 2715 475 2784 facetiae
491 2724 593 2803 atquo
608 2717 676 2804 joci
692 2715 871 2783 comoediae
887 2714 1143 2804 quodammodo
1159 2717 1247 2805 juris
1263 2724 1360 2784 orant

345 2829 448 2912 atquo
464 2823 566 2891 etiarn
584 2823 760 2891 oomoediae
778 2832 892 2891 ortum
913 2823 1051 2892 dedisse
1063 2828 1239 2914 putantur.

389 2931 469 3009 Quoi
508 2932 622 2998 omnia
661 2932 688 2997 si
716 2933 856 3021 propius
889 2933 1066 3022 inspioias‚
1111 2952 1181 3000 non
1212 2938 1282 3000 tarn
1315 2933 1358 3001 de

346 3039 504 3108 Eleusina
518 3039 684 3128 religiono
697 3039 786 3108 dieta
805 3061 908 3128 quam
925 3039 968 3108 de
983 3041 1143 3109 Bacchica
1162 3041 1217 3108 vel
1241 3042 1358 3130 potins

345 3147 473 3215 comica
494 3148 622 3236 optime
636 3148 770 3215 monuit
785 3147 1007 3216 electissimus
1022 3149 1186 3237 magister
1203 3155 1228 3229 ⁵,
1260 3151 1357 3238 eujus

344 3256 545 3322 anctoritate
561 3255 650 3321 hane
670 3254 939 3342 disputationem
958 3256 1122 3345 auspicati
1143 3277 1276 3324 sumus.
1292 3258 1355 3324 Ro-

344 3363 481 3451 iigionis
500 3381 631 3430 aroenae
656 3364 836 3451 praeconia,
855 3362 998 3431 deorum
1020 3363 1151 3444 laudes,
1170 3363 1216 3454 pii
1237 3369 1356 3430 cantus

344 3470 389 3537 ita
409 3470 675 3539 commiscentur
688 3466 817 3539 facetiis
837 3479 895 3538 aut
925 3478 1159 3560 temperantur
1175 3471 1353 3540 comoediae

378 3750 386 3784 ¹
405 3751 440 3799 Cf.
454 3764 510 3810 quat
527 3752 592 3799 iufra
607 3753 637 3798 de
653 3752 803 3813 Gerytudum
816 3752 955 3812 fragmento
968 3754 1200 3802 commentabimur.

375 3829 386 3864 ²
403 3835 476 3890 111111,
493 3832 575 3880 351111
589 3846 640 3892 seq.
655 3833 732 3888 Quam
751 3847 800 3880 non
816 3833 921 3892 prefixit
938 3847 1035 3893 pompae
1050 3835 1161 3894 mysticos
1181 3835 1224 3882 sod
1240 3835 1355 3891 intexuit,

343 3915 402 3962 artis
415 3916 526 3974 regulam
540 3927 590 3962 non
608 3914 735 3974 roligionis
752 3929 844 3962 morem
862 3920 968 3963 secutus.
983 3916 1018 3963 Cf.
1034 3917 1055 3963 J.
1070 3917 1176 3972 (1111111111,
1192 3929 1231 3976 op.
1244 3917 1296 3971 cit..
1311 3916 1355 3964 113

342 4000 429 4054 etseq.
444 3998 487 4043 Tu.
501 3999 578 4052 Kocn,
598 3995 696 4043 lotrad.
710 3997 743 4042 ud
760 3997 831 4053 fietu,
848 3996 887 4044 31.
1115 4057 1118 4062 Ι

373 4076 385 4110 ³
403 4075 500 4140 Ἴακχον
508 4078 550 4126 τὸν
564 4076 695 4141 ἀρχεγέτην
709 4081 757 4125 τῶν
772 4077 910 4141 μυστηρίων
923 4081 964 4134 τῆς
978 4077 1113 4141 Δήμητρος.
1129 4079 1229 4134 8111111..
1243 4080 1285 4135 IX,
1299 4079 1353 4126 468.

374 4155 384 4189 ⁴
403 4159 475 4214 111111,
492 4157 535 4205 tte
551 4161 574 4206 et
586 4171 637 4216 seq.

373 4235 384 4270 ¹
401 4240 421 4288 J.
439 4237 544 4297 Grnuuu,
560 4239 606 4286 loc.
621 4237 661 4284 cit.
679 4237 714 4285 ot.
728 4239 771 4286 Tu.
786 4241 863 4294 Korn,
877 4239 985 4292 dinotet.
1004 4239 1043 4287 ad.
1061 4253 1084 4286 v.
1098 4243 1142 4288 316
1157 4241 1247 4304 etseq.
