3156 5082
788 559 948 612 -130-

363 683 648 774 philosophorum
669 680 776 748 libero
791 681 953 748 instincta
981 679 1103 768 spiritu
1118 684 1152 747 et
1169 677 1374 746 necessitate

361 789 508 878 quadam
523 789 635 878 operis
648 788 751 855 (lucta
771 786 812 854 ad
834 785 950 854 divina
970 785 1114 853 ridiculo
1131 783 1371 866 deformanda,

363 897 472 964 atticis
495 895 641 963 illustria
683 895 926 981 mythologice,
961 893 1126 960 irrisionis
1167 892 1373 981 exemplaria

365 1001 562 1071 tradiderat.

409 1111 711 1200 llytlrologiaipse,
730 1109 873 1185 lleorum
888 1118 1080 1198 alapenses,
1096 1107 1214 1173 innixa
1226 1106 1371 1185 notioni,

335 1209 338 1216 ’
362 1218 567 1308 provocabat
579 1218 621 1286 ad
637 1228 775 1307 παρῳδίαν
792 1219 1066 1305 copiosissimum
1081 1214 1212 1281 ridiculi
1228 1213 1371 1281 fontem.

363 1327 408 1393 Ex
426 1347 493 1413 quo
508 1346 575 1393 uon
597 1325 765 1391 dubitarit
786 1323 1032 1412 Aristophanes
1052 1343 1091 1390 eo
1116 1322 1256 1389 liberius
1284 1320 1370 1386 hau-

365 1433 433 1499 rire
451 1430 543 1520 quod
557 1430 638 1498 inde
656 1432 870 1498 occasionem
890 1430 1061 1519 Euripidis
1082 1428 1281 1518 tragoediam
1296 1428 1376 1494 elio-

271 1585 275 1590 -
364 1558 510 1626 rumque
526 1544 704 1627 poetarum
725 1558 827 1627 opera
847 1537 993 1606 vexandi
1016 1537 1162 1625 petebat.

409 1645 608 1735 Temperare
636 1647 784 1734 primum
812 1645 1036 1712 irreverentia
1063 1663 1142 1730 erga
1166 1661 1258 1709 sacre
1275 1641 1375 1709 deos-

363 1773 430 1841 que
452 1774 536 1820 usus
555 1759 620 1832 est,
648 1751 786 1827 deinde,
810 1771 845 1818 re
869 1751 957 1817 bene
982 1751 1199 1828 succedente,
1217 1748 1377 1816 aurienter

364 1865 398 1927 et
413 1860 574 1927 omnibus
591 1859 666 1927 telis
683 1860 884 1937 instructus,
908 1859 942 1923 iu
968 1857 1146 1945 Olympios
1174 1875 1377 1944 progressus

364 1971 441 2034 est:
467 1987 535 2034 non
552 1971 590 2033 nt
619 1985 691 2044 eos,
710 1985 805 2032 more
833 1964 1120 2052 philosophorum
1145 1970 1296 2051 negaret,
1315 1961 1375 2028 sed

364 2079 402 2138 ut
422 2071 568 2138 ludibrio
589 2072 742 2140 haberet.

408 2181 567 2246 Attamen
583 2184 661 2263 post
673 2177 864 2245 luctuosam
880 2179 1001 2246 Sicilie
1015 2178 1184 2254 militiam,
1202 2179 1377 2266 impietate

364 2305 580 2375 compressa,
613 2284 655 2351 ed
680 2285 825 2374 priscam
854 2283 959 2353 tidem
982 2290 1126 2351 conatus
1151 2291 1204 2350 est
1230 2283 1341 2350 redire
1368 2308 1374 2348 ε

364 2393 502 2472 frustra,
519 2392 744 2481 nemeoipso
760 2398 926 2480 tempore,
955 2393 990 2458 in
1004 2392 1250 2459 Socraticorum
1267 2392 1376 2460 socie-

359 2505 471 2567 tatem
485 2506 657 2589 receptus,
675 2499 730 2568 rel
746 2499 875 2568 inscius
887 2499 985 2567 novis
1004 2498 1377 2587 studiisopinionibns-

363 2623 430 2693 qne
457 2607 637 2685 concessit,
664 2625 732 2674 non
762 2607 834 2694 jam
862 2606 993 2673 comico
1031 2604 1193 2692 abreptus
1236 2605 1375 2693 ingenio

364 2710 427 2778 sed
442 2711 647 2800 sapientium
663 2713 896 2802 persuasione.

409 2817 711 2886 Retractandarum
742 2823 890 2887 ltaliam
919 2820 1034 2888 omisit
1062 2819 1258 2902 consilinm,
1289 2827 1378 2908 post-

366 2944 469 3013 quam
485 2925 568 2991 satis
584 2926 695 3014 priore
714 2925 829 2993 lahela
848 2926 1058 3005 ostenderat,
1077 2945 1197 2995 senon
1215 2933 1285 2994 tam
1301 2927 1379 2994 deo·

340 3060 342 3124 p
366 3052 444 3099 rum
460 3051 562 3120 quam
590 3053 727 3100 morum
748 3039 904 3101 veterum
933 3054 1050 3100 curam
1073 3051 1202 3122 gerere.
1224 3033 1379 3121 Denique

341 3133 443 3220 *cum
461 3142 557 3204 Pluto
574 3143 690 3226 ¹eperte
707 3139 748 3206 ad
772 3139 1001 3228 philosophos
1021 3141 1167 3220 transiit,
1181 3139 1295 3229 quoad
1311 3140 1378 3206 sal·

356 3226 436 3351 'ptem
457 3245 600 3324 comico,
617 3244 791 3333 popularis
814 3245 942 3312 favoris
962 3246 1099 3334 cupido,
1115 3247 1150 3313 iu
1164 3246 1290 3315 fabulis
1300 3247 1380 3315 licet
1409 3250 1413 3258 '

366 3350 615 3439 philosophari.

410 3457 443 3522 Si
478 3457 588 3551 qualis
615 3457 719 3524 fuerit
744 3458 984 3548 Aristophanis
1013 3461 1145 3550 religio,
1178 3462 1376 3548 quaerimus,

366 3562 643 3652 respondendum
676 3587 683 3628 :
712 3584 782 3631 non
811 3585 915 3632 unam
942 3575 975 3633 et
1000 3568 1157 3636 eamdem
1188 3589 1248 3656 per
1272 3569 1379 3634 totius

365 3670 445 3737 vitae
460 3669 669 3737 curriculum
685 3673 835 3739 servarit
846 3695 854 3751 ;
882 3693 943 3761 pro
968 3681 1135 3762 tempore,
1157 3675 1297 3742 fortuna
1317 3695 1375 3742 ur-

366 3774 431 3856 his,
451 3777 590 3865 privatis
607 3777 662 3845 vel
678 3776 801 3845 studiis
814 3779 869 3846 vel
886 3778 1073 3847 inimicitiis
1087 3781 1267 3847 immutata
1281 3787 1379 3848 estet

366 3882 577 3950 ineluctabili
601 3882 749 3971 quadem
776 3902 891 3952 rerum
918 3887 1123 3954 necessitate
1150 3894 1339 3975 premente,
1352 3905 1378 3952 a

369 3990 515 4079 simplici
534 3990 604 4059 fide
616 3997 650 4060 et
665 3991 796 4080 integra
813 3993 1038 4081 persuasione
1051 3992 1093 4059 ad
1113 3991 1376 4070 dubitationem,

366 4104 616 4187 contemptum,
640 4099 859 4186 negationem
875 4098 1041 4165 traducta.

410 4204 498 4276 Deos
517 4211 632 4274 tamen
648 4203 775 4298 patrios
799 4226 906 4294 quum
921 4225 1042 4294 parum
1063 4207 1214 4294 primum
1230 4211 1375 4290 curaret,
