3114 5088
620 499 759 555 ..31-

183 625 289 715 magis
303 625 454 694 auctoris
472 624 714 694 demonstrant
729 625 956 714 impietatem,
978 645 1082 712 quarn
1101 622 1196 694 invo-

184 734 331 801 cationes
356 733 454 800 seriae
473 732 618 802 deorum
646 731 855 820 dearumque
882 730 988 801 odem
1014 738 1194 801 testantur.

183 842 229 909 No
243 841 359 909 omnia
378 861 630 920 recenseamus,
648 840 850 929 gravissima
867 844 1001 908 tantum
1018 845 1052 908 et
1067 859 1194 928 propo-

157 975 161 984 ·
185 949 248 1016 sito
262 950 455 1018 necessaria
469 948 553 1018 libet
569 947 702 1016 afferre.

230 1056 343 1125 Multis
369 1056 575 1126 testimoniis
594 1054 788 1144 accepimus
808 1054 1094 1144 :angustissimam
1115 1053 1194 1122 reli-

185 1165 320 1254 gionem
335 1184 355 1232 a
373 1165 547 1254 plebicolis
565 1163 600 1230 in
619 1161 767 1252 petenda
783 1161 979 1250 tuendaque
995 1162 1196 1230 auctoritate

184 1272 447 1340 contaminatam
472 1271 590 1350 fnisse,
608 1269 667 1356 qni
698 1266 891 1337 sacerdotes
907 1267 970 1335 sibi
987 1266 1141 1336 vocando
1158 1268 1193 1334 iu

185 1377 388 1459 subsidium,
401 1379 495 1447 falsis
506 1375 664 1450 oraculis,
678 1374 852 1444 ementitis
864 1376 1044 1464 portentis,
1059 1373 1195 1465 plebem

184 1484 352 1552 moderari
367 1491 401 1554 et
419 1486 453 1552 in
470 1483 601 1553 ditione
616 1503 678 1555 sua
693 1483 841 1552 retinere
849 1481 1079 1550 conabantur.
1097 1480 1194 1560 Quod

178 1593 248 1681 jam
261 1591 305 1660 de
320 1592 559 1670 Themistocle,
575 1588 841 1658 Atheniensibus
854 1588 1020 1658 suadente
1035 1595 1072 1656 ut
1089 1607 1194 1658 naves

183 1699 415 1796 conscendant
426 1705 460 1768 et
475 1699 597 1789 ligneis
614 1696 790 1765 confidant
801 1695 998 1776 moenibus,
1016 1702 1149 1764 constat
1169 1701 1194 1776 ¹,

184 1825 398 1875 successores
410 1807 483 1896 ejus
496 1805 617 1872 imitati
630 1810 724 1872 sunt.
737 1803 815 1872 Cleo
829 1803 970 1891 quidem
983 1804 1195 1873 voluntatem

184 1911 326 1981 deorum
341 1914 466 2003 saepius
480 1912 658 1981 ambitioni
672 1931 744 1979 suaa
759 1911 1004 2000 praetendebat,
1021 1918 1055 1980 et
1070 1932 1195 2002 magno

184 2019 344 2088 Minerv'ae
364 2021 506 2089 nomine
521 2020 687 2089 adversus
706 2019 815 2110 plebis
830 2019 1099 2088 inconstantiam
1121 2029 1197 2089 ute·

184 2125 283 2194 batur
299 2131 325 2194 2.
344 2128 443 2195 Hono
459 2129 563 2217 igitur
578 2149 654 2196 cnm
669 2127 918 2217 Aristophanes
934 2135 1194 2218 aggressusest,

185 2253 252 2301 non
273 2235 446 2304 immerito
462 2235 613 2303 fabulam
630 2255 728 2303 snam
743 2255 781 2302 ex
799 2236 1033 2303 commentitia
1050 2235 1106 2301 illa
1122 2236 1196 2304 reli·

184 2343 285 2430 gione
299 2349 334 2411 et
351 2342 484 2411 lucrose
498 2343 621 2432 pietate
636 2341 867 2431 locupletavit.
886 2343 942 2408 Cui
960 2341 1194 2409 venerandum

186 2449 343 2518 Minervae
362 2470 492 2519 numen
515 2451 560 2517 ita
587 2449 768 2517 admiscuit
785 2453 812 2528 ³„
839 2456 876 2516 ut
899 2469 958 2538 pro
977 2449 1102 2516 nostris
1122 2450 1196 2538 opi-

186 2555 347 2623 nionibus
367 2557 588 2625 irreverentia
613 2557 647 2622 iu
667 2555 765 2625 deam
794 2577 863 2624 non
882 2556 1023 2623 omnino
1044 2563 1196 2636 vocaret,

185 2663 456 2732 Atheniensibus
471 2684 553 2733 vero
572 2664 747 2732 innoxiam
768 2685 832 2732 neo
851 2665 963 2731 omnis
984 2664 1119 2752 pietatis
1138 2683 1197 2731 ex-

185 2776 315 2858 pertem
342 2769 477 2840 ridendi
505 2771 739 2860 suppeditaret
766 2771 964 2844 materiam:
997 2791 1076 2838 nam
1110 2771 1198 2838 inter

186 2877 431 2952 cavillationes,
454 2879 650 2946 rusticiores
663 2877 847 2967 aliquando
863 2885 897 2946 et
917 2878 1072 2966 personis
1092 2879 1198 2967 aptis·

186 2984 308 3064 simas,
327 2985 438 3055 elucet
452 2985 728 3074 quodammode,
748 2985 816 3052 leni
834 2986 903 3052 risu
921 2992 1121 3073 temperata,
1138 3005 1198 3054 ve-

187 3092 315 3159 neratio
337 3091 391 3159 his
412 3097 532 3178 Populi
551 3091 708 3160 versibus
725 3093 759 3158 ⁴:

364 3273 467 3335 ora·
523 3273 693 3333 *rw
758 3273 852 3332 rc·
913 3276 936 3331 u

436 3299 488 3355 γαρ
506 3299 588 3332 ΟΜΝ
629 3301 660 3333 αν
679 3297 780 3338 81⁵th
798 3297 870 3338 Em,
885 3298 920 3334 πθ
939 3299 975 3352 tu,

365 3378 395 3431 nt
410 3381 446 3453 pul
461 3383 574 3453 φανιρῶς
586 3379 657 3454 ἡμῶν
672 3375 794 3454 ὑπιριῖχι
809 3380 856 3437 τήν
871 3377 996 3453 χὺτρανς

187 3573 255 3644 Etsi
276 3575 457 3684 recentiori
476 3576 594 3645 lectori
615 3578 742 3646 nimius
763 3576 805 3646 de
837 3597 963 3667 magno
992 3574 1065 3647 deae
1094 3574 1199 3668 digito

217 3795 225 3830 ¹
239 3800 352 3854 huson,
369 3800 420 3853 vll.
436 3799 487 3848 tlt.
504 3801 540 3848 di.
556 3802 755 3864 heremodii..
771 3803 838 3860 tulo,
855 3799 898 3850 ubi
913 3801 1066 3864 Paphlagon,
1080 3804 1138 3852 cleo
1149 3804 1200 3852 sci-

186 3876 248 3940 llcet,
274 3879 345 3926 illins
365 3881 459 3928 omouli
478 3883 623 3932 anctoritate
644 3895 715 3930 sitnm
738 3883 877 3930 confirmat.
896 3885 947 3932 Non
968 3884 1039 3932 alitor
1052 3884 1199 3944 botularius,

188 3969 211 4004 v.
230 3958 298 4007 1⁰49.

215 4034 227 4072 ¹
247 4041 343 4104 Sonam,
362 4045 454 4106 liqut..
474 4047 543 4094 llos.

215 4119 228 4155 ⁸
248 4125 308 4170 ¹080
317 4125 412 4184 etseq.

217 4197 229 4233 ⁴
250 4201 321 4250 ¹175.
