3114 5088
781 489 923 546 ..20-

504 691 598 750 Πάυτα
614 695 680 756 θοοῖς
699 693 824 753 audomar
840 673 946 770 ὅμηρός
960 687 983 748 θ’
998 681 1114 756 ΙΪσίοδὸς
1127 712 1164 762 το,

503 775 583 850 ὅσσα
596 785 662 870 παρ’
675 793 850 869 ἀνθρώποισιν
865 788 964 847 ὀνοίδοα
977 791 1023 848 καὶ
1036 791 1117 867 ψόγος
1129 791 1196 864 lovi,

506 891 627 948 [λάπτειν
641 890 772 966 μοιχεύειν
786 890 868 946 ποιοί
884 891 1012 955 ἀλλήλους
1027 893 1175 950 &emmau

347 1101 485 1171 Videtur
497 1110 613 1171 tamen
629 1101 781 1170 comicus
803 1099 881 1169 ideo
902 1100 1091 1192 praesertim
1117 1100 1151 1166 in
1180 1099 1358 1188 antiquam

343 1206 544 1300 religionem
561 1209 643 1277 artis
659 1229 730 1276 suae
752 1208 818 1275 tela
843 1207 1021 1286 direxisse,
1048 1207 1141 1296 quod
1168 1208 1355 1296 Syracusis,

342 1315 490 1384 Hierone
501 1321 677 1406 regnante,
698 1315 858 1382 homines
872 1313 999 1382 divitiis
1012 1320 1045 1382 et
1064 1313 1263 1382 auctoritate
1285 1314 1358 1405 pol-

341 1421 653 1492 lenteslacessendi
673 1423 807 1512 copiam
822 1443 890 1489 non
907 1421 1005 1490 facile
1023 1421 1229 1489 obtinuisset
1248 1425 1272 1488 ¹.

386 1523 602 1619 Postquam'a
618 1527 874 1620 Megarensibus
893 1529 1056 1610 Athenas,
1074 1530 1220 1598 feracem
1250 1529 1354 1597 tellu-

341 1658 413 1707 rem
459 1637 622 1717 futuram,
654 1637 894 1726 commigravit
934 1636 1115 1715 comoedia,
1154 1637 1222 1704 tim
1257 1627 1355 1703 suam

342 1747 490 1836 primum
504 1765 523 1812 a
538 1743 604 1813 diis
624 1744 658 1811 in
676 1744 835 1813 homines
850 1745 1030 1813 convertit.
1058 1745 1128 1812 Nec
1148 1763 1187 1812 ea
1212 1765 1357 1813 censura

339 1866 467 1942 ὀνομαστὶ
483 1853 632 1941 primum
645 1853 737 1919 cives
756 1871 941 1941 aggressus
957 1857 1008 1920 est
1023 1874 1031 1931 ;
1049 1851 1111 1919 sed
1133 1872 1354 1920 communem

341 1959 526 2046 quamdam
553 1979 571 2026 a
596 1959 727 2026 Cratcte
758 1977 938 2025 censuram
968 1959 1075 2027 fuisse
1102 1980 1298 2049 expressam
1320 1962 1354 2027 in

338 2085 453 2146 scena,
471 2071 505 2134 et
519 2064 602 2133 deos
617 2086 754 2154 quoque
778 2064 905 2133 illaesos
933 2057 1153 2146 remansisse,
1173 2087 1212 2134 ex
1227 2067 1355 2135 Aristo-

339 2172 416 2240 telis
453 2173 565 2241 elucet
591 2172 788 2241 testimonio
806 2177 820 2220 2
841 2192 975 2240 necnon
998 2191 1016 2240 e
1040 2171 1235 2240 fabularum
1267 2195 1356 2262 quos

338 2269 541 2368 superstites
564 2279 732 2349 habemus
756 2281 876 2348 titulis.
904 2281 1072 2370 Magnetis
1101 2300 1182 2348 vero
1203 2283 1275 2370 jam
1295 2301 1353 2348 co-

313 2419 316 2423 ·
339 2387 447 2455 micus
459 2389 604 2456 occurrit
625 2399 766 2468 Διόνυσος,
779 2385 1068 2477 licphantidisque
1082 2402 1207 2479 Σάτυροι.
1223 2389 1355 2478 Nempe

337 2493 506 2562 comoedia
530 2495 790 2562 bacchanalium
810 2495 946 2565 licentia
967 2501 1095 2575 exorta,
1120 2494 1260 2564 facetias
1285 2498 1352 2586 pri-

337 2621 435 2690 mum
476 2608 510 2668 et
540 2602 692 2669 convicia
729 2602 877 2690 quadam
919 2622 1095 2670 sacrorum
1132 2605 1353 2672 veneratione

340 2708 563 2796 temperavit;
585 2705 710 2776 deinde
739 2706 843 2777 deum
875 2711 1001 2798 ipsum,
1035 2730 1139 2799 quern
1171 2718 1353 2802 patronum

337 2813 529 2892 invocabat,
556 2814 643 2903 jocis
671 2817 890 2896 consociavit,
920 2815 1031 2885 donec
1065 2819 1227 2906 pietatem
1255 2821 1353 2908 cujus

336 2926 416 2986 nata
436 2927 508 2987 erat
527 2921 698 3009 auspiciis,
718 2941 758 2990 eo
784 2928 920 2992 tantum
942 2925 1094 3005 retinuit,
1126 2920 1219 3013 quod
1244 2929 1353 2995 varias

337 3024 462 3094 fabular
478 3033 592 3116 partes
612 3027 752 3116 hymnis
768 3031 804 3098 in
825 3032 946 3100 Bacchi
969 3033 1184 3122 aliorumque
1208 3033 1353 3102 deorum

337 3133 507 3203 honorem
534 3133 734 3216 decantatis
766 3137 1002 3228 distingueret.
1038 3141 1114 3207 Mox
1140 3138 1255 3208 fabula
1279 3142 1354 3229 ipsa

337 3241 484 3308 cumbis
500 3242 708 3310 carminibus
731 3243 818 3309 nihil
829 3247 901 3333 jam
922 3246 1079 3315 servabat
1102 3267 1298 3328 commune,
1319 3256 1354 3318 ct

336 3366 412 3435 quae
450 3348 576 3415 chorus
614 3349 746 3416 medios
784 3352 1010 3422 intercinebat
1043 3359 1154 3439 actus,
1181 3376 1251 3424 nou
1281 3363 1352 3424 tam

336 3453 513 3522 comoediae
528 3457 704 3544 proposito
730 3478 832 3547 quam
859 3459 1069 3530 solemnium
1093 3461 1349 3544 consuetudini,

335 3558 449 3647 qualia
481 3579 501 3627 a
532 3561 720 3648 majoribus
753 3563 889 3633 fueraut
922 3569 1091 3652 instituta,
1124 3569 1349 3642 conducebat.

367 3833 376 3870 ¹
395 3835 431 3885 cf.
447 3838 538 3886 Orrru.
556 3839 666 3898 Mamas,
685 3842 744 3890 Hist.
761 3843 790 3892 dc
810 3843 836 3891 la
847 3840 951 3894 litteral.
966 3858 1075 3909 presque.
1091 3847 1162 3896 Trad.
1179 3849 1350 3906 Huuuaarnu,

336 3919 367 3980 ΙΙ,
383 3918 428 3966 trs
441 3922 466 3966 ct
479 3932 530 3980 seq.

365 3999 377 4033 ²
401 4003 474 4060 Post,
490 4001 508 4048 V
523 4018 528 4049 :
543 3999 638 4067 Κράτης
650 4007 744 4066 πρῶτος
753 4003 833 4070 ἧρξεν,
847 4006 965 4070 ἀφέμενος
977 4012 1018 4067 τῆς
1034 4009 1146 4072 inplicuit<
1159 4010 1232 4069 ἰδέας,
1243 4011 1349 4060 καθόλου

335 4085 415 4129 ποιεῖν
430 4081 517 4144 λόγους
533 4083 574 4131 καὶ
589 4081 688 4144 μύθους.
705 4085 741 4134 Gi.
755 4088 886 4146 Taouion,
904 4089 1000 4147 xxvu,
1014 4102 1038 4150 p.
1056 4089 1110 4142 loe.
1131 4094 1269 4153 Supersunt
1281 4092 1352 4138 labu-

336 4160 418 4209 lurum
433 4162 518 4210 tituli:
534 4162 650 4222 Γείτουες,
667 4166 775 4225 Παιδίαι,
789 4169 892 4232 Τολμαὶ,
908 4169 996 4234 Oropia,
1009 4171 1100 4236 Λάμια,
1119 4179 1166 4221 etc.
