3156 5082
658 474 820 538 2109-
878 493 881 500 ·

232 599 282 668 cie
296 598 438 688 abrepti,
453 603 488 666 et
504 598 685 668 bominum
700 620 840 668 cursum
859 597 1017 688 impediri
1037 619 1138 688 posse
1157 601 1242 690 quin

232 705 377 774 adnova
409 705 477 774 lata
501 712 735 796 properarent,
761 706 895 787 confisi,
917 706 1053 775 infestis
1081 707 1189 798 signis
1207 708 1242 775 in

233 821 416 884 novatores
451 811 692 902 procedebant.
717 814 756 880 ln
794 813 887 881 hunc
918 812 1177 904 Aristophanes,
1207 821 1246 881 ut

233 921 313 990 boni
338 919 420 995 civis
450 920 553 989 etde
582 919 688 1009 patria
718 920 855 988 solliciti
882 925 1057 1008 prestaret
1078 919 1240 998 officium,

231 1049 338 1116 quum
354 1027 482 1096 comica
497 1026 656 1094 facundia
676 1026 890 1094 saeviendum
911 1031 1057 1114 putaret,
1076 1047 1117 1096 ex
1134 1047 1175 1094 eo
1192 1034 1243 1095 te-

232 1135 344 1201 lorum
366 1134 498 1223 copiam
524 1133 621 1223 petiit
642 1133 903 1222 amplissimam,
928 1133 1020 1222 quod
1043 1135 1245 1224 sapientiam

231 1261 369 1320 novam,
388 1240 529 1310 liberius
542 1239 585 1309 de
600 1239 727 1308 divinis
748 1241 977 1330 humanisque
996 1241 1237 1324 disserentem,

234 1347 476 1438 tragoediarum
488 1346 761 1416 accommodavit
778 1350 883 1436 operi.

276 1457 349 1522 Jam
365 1463 498 1524 veteres
520 1453 730 1522 adnotarunt
757 1455 1013 1525 aemulationem
1037 1456 1119 1524 artis
1143 1462 1245 1544 atque

232 1570 403 1632 certamen
428 1582 488 1651 pro
513 1581 638 1630 corona
667 1562 859 1630 necessario
883 1563 1140 1650 quodammodo
1156 1564 1246 1631 inter

232 1669 427 1758 Euripidem
452 1670 785 1758 Aristophanemque
810 1670 997 1738 extiturum
1022 1669 1129 1738 fuisse
1148 1675 1178 1748 ¹;
1210 1671 1244 1736 in

233 1777 316 1844 urhe
332 1777 521 1866 prasertim
539 1777 597 1844 ubi
623 1776 803 1844 theatralia
832 1777 962 1846 ludicra
988 1798 1067 1845 cum
1094 1777 1244 1846 ciuilium

230 1905 347 1954 rerum
366 1883 480 1952 studio
496 1883 726 1961 cohaerebant,
747 1893 780 1952 et
807 1890 916 1974 poetae
940 1884 975 1950 in
1002 1883 1127 1951 fabulis
1151 1883 1243 1950 haud

231 2011 330 2058 secus
345 1998 447 2078 atque
463 1997 616 2059 oratores
636 1991 670 2058 in
686 1991 862 2068 concione,
878 1990 922 2058 de
938 1990 1081 2079 imperio
1102 2011 1170 2058 non
1184 1992 1245 2056 mi-

233 2117 416 2186 nusquam
434 2097 476 2166 de
491 2099 582 2165 fama
593 2096 799 2166 videbantur
810 2097 983 2166 dimicare.
999 2097 1245 2186 Aristophanes

232 2205 316 2272 nulli
337 2205 445 2294 ipsius
461 2206 569 2272 aetatis
582 2212 689 2293 poetae
702 2206 863 2294 pepercit,
879 2211 914 2272 et
924 2204 1127 2295 Sophoclem
1142 2225 1244 2292 quem

233 2319 408 2379 mortuum
427 2311 627 2380 laudaturus
647 2318 731 2390 erat,
756 2313 870 2378 rivum
886 2309 999 2378 adhue
1024 2310 1115 2376 barad
1137 2309 1244 2378 semel

230 2419 317 2486 laesit
346 2419 508 2487 conviciis
536 2423 561 2486 ².
595 2417 683 2486 Illud
729 2425 842 2486 tamen
881 2419 1048 2508 praecipue
1088 2425 1243 2486 nostrum

232 2526 400 2593 concitare
415 2527 450 2592 in
470 2525 666 2616 Euripidem
689 2527 788 2614 eique
806 2526 909 2593 bilem
929 2545 1067 2593 movere
1082 2523 1241 2600 debebat,

231 2632 319 2720 quod
336 2632 494 2701 nonnulli
504 2635 573 2722 jam
589 2632 684 2700 illum
698 2634 750 2700 vel
763 2633 796 2699 in
812 2640 884 2701 arte
896 2633 1027 2700 comica
1040 2631 1155 2721 tragici
1168 2651 1244 2726 esse

232 2739 437 2807 imitatorem
464 2745 568 2826 atque
601 2740 777 2818 aemulum,
798 2738 935 2806 ludibrii
958 2758 1072 2818 eausa,
1101 2737 1244 2804 affirma-

232 2846 325 2926 bant,
345 2847 379 2913 in
400 2846 514 2934 lyricis
531 2849 717 2936 praesertim
743 2846 937 2913 fabularum
954 2845 1106 2934 partibus
1122 2849 1149 2910 3.
1171 2846 1242 2912 Cra-

233 2955 324 3021 tinus
354 2953 530 3043 inprimis
560 2959 678 3022 nostro
707 2952 842 3043 objecit,
870 2951 961 3040 qued
986 2951 1177 3020 sententias
1201 2950 1243 3017 ab

232 3059 407 3150 Eupolide,
426 3061 555 3148 stylum
570 3060 613 3128 ab
630 3060 788 3150 Euripide
817 3066 1049 3138 mutuar·etur;
1079 3067 1113 3127 et
1129 3060 1243 3127 virum

232 3167 427 3236 subtiliores
456 3189 565 3258 liugas
580 3175 785 3258 captassleffl,
806 3177 1162 3256 ιῦριπιδαριστοφανίζοντα,
1183 3186 1243 3256 ἃρ-

232 3275 382 3364 pellavit.
398 3276 430 3344 ls
444 3283 516 3343 erat
533 3275 702 3365 Euripidis
717 3275 808 3366 apud
830 3276 1058 3344 Athenienses
1081 3276 1189 3354 favor,
1206 3281 1244 3341 ut

228 3383 305 3470 jure
321 3401 361 3450 ex
378 3382 432 3450 his
453 3389 555 3471 atque
578 3383 704 3452 talibus
722 3382 946 3451 dissimulatae
966 3382 1167 3451 imitationis
1181 3383 1244 3450 cri·

231 3488 395 3568 minibus,
413 3489 660 3579 Aristophanes
676 3490 775 3558 lamae
794 3511 865 3557 suae
885 3489 996 3578 potuit
1010 3497 1178 3570 metuere;
1196 3491 1243 3558 ita

230 3594 322 3663 ulad
338 3596 532 3686 Euripidem
550 3589 745 3665 vexandum
762 3617 832 3664 non
849 3596 1025 3664 communi
1046 3603 1179 3664 tantum
1196 3597 1242 3665 ci·

230 3703 345 3771 vitetis
360 3724 462 3772 causa
481 3703 542 3772 sed
564 3708 708 3794 propriae
729 3704 884 3772 utilitatis
912 3703 1026 3794 speeie
1052 3703 1242 3772 concitatus

261 3915 269 3949 ¹
287 3918 368 3974 Ζηλών
383 3917 408 3965 δὲ
423 3918 554 3980 Εὐριπίδην
569 3917 654 3964 scribit
666 3918 696 3964 de
711 3917 834 3977 aristoph.
847 3919 937 3967 Senos.
950 3920 1024 3966 ruri.
1039 3917 1090 3980 (vlt⁴
1108 3917 1240 3978 aristoph.)

228 3997 295 4056 apud
312 3997 436 4054 Earum,
449 3999 468 4055 1,
486 3999 539 4044 536.

257 4073 269 4108 ¹
284 4077 460 4138 aristophanes
473 4077 618 4137 Sophoclem
633 4079 766 4126 lacessivit.
789 4081 857 4136 Pae,
873 4083 926 4128 697.
939 4083 992 4134 Ao„
1011 4083 1063 4128 ¹00.

258 4155 270 4192 ⁸
288 4159 385 4214 muer..
402 4157 524 4216 Aristoplr.
541 4160 632 4220 Equit,
647 4163 700 4208 528.
717 4160 751 4206 El.
770 4161 868 4214 Seuer„
887 4159 960 4218 Pice,
976 4175 1000 4221 p.
1016 4164 1069 4208 3³0.
1085 4162 1194 4212 Brunca.
