3156 5082
670 501 809 556 ..91-

270 631 308 696 ln
329 621 602 715 Rccts'quoque,
636 625 728 694 unde
756 627 903 715 plurima
929 623 1115 713 impietatis
1146 643 1243 712 argu-

222 723 561 823 mentacollegimus,
580 733 696 821 patriae
722 732 897 821 religionis
923 730 1076 798 fontibus
1098 731 1241 818 'pracla-

223 862 297 908 ram
321 840 481 908 exhausit
500 839 678 907 materiam
702 838 960 927 Aristophanae,
983 839 1107 907 sedita
1126 845 1165 907 ut
1183 858 1243 906 co-

224 950 311 1016 mica
325 947 516 1015 imitatione
533 943 734 1034 gravissima
750 966 895 1034 quaque
910 947 944 1013 in
972 945 1158 1014 ludibrium
1170 963 1244 1012 ver-

223 1063 328 1136 teret;
349 1075 427 1142 quae
451 1073 553 1142 supra
579 1057 719 1120 tractata
748 1053 804 1120 bic
824 1075 960 1142 quoque
989 1053 1084 1122 locus
1106 1059 1158 1121 est
1181 1072 1241 1119 ur-

224 1162 339 1252 gendi,
365 1182 408 1230 ne
435 1161 600 1250 religione
624 1160 681 1227 illa
711 1162 869 1249 impietas
895 1161 1014 1229 comici
1041 1160 1118 1251 plus
1144 1179 1242 1247 aequo

224 1275 416 1339 excusetur.
434 1266 616 1336 Descendit
630 1266 673 1334 ad
687 1266 814 1336 inferos
833 1269 985 1336 Bacchus
1002 1274 1040 1336 11
1054 1266 1135 1336 inde
1150 1266 1241 1357 opti-

200 1398 323 1456 mum
347 1372 592 1464 tragediarum
620 1380 794 1442 auctorem
815 1394 930 1442 seeum
953 1373 1112 1454 reducat;
1138 1391 1243 1462 quam

224 1483 380 1571 ignavus,
413 1501 515 1568 quam
544 1481 663 1570 turpis,
687 1483 760 1571 jam
787 1488 888 1549 antea
906 1482 1162 1550 admonuimus.
1193 1480 1241 1546 Ex

226 1609 294 1678 quo
312 1589 459 1678 sumpsit
489 1590 703 1657 occasionem
726 1589 973 1678 Aristophanes
998 1595 1036 1656 ut
1064 1588 1243 1656 Eleusino-

174 1753 178 1756 .
224 1717 301 1764 rum
321 1697 563 1783 mysteriorum
578 1695 736 1764 festivam
763 1697 797 1764 in
819 1698 952 1766 theatro
973 1697 1122 1787 speciem
1149 1695 1243 1762 effin-

225 1806 361 1892 geret-¹.
382 1803 445 1871 Sed
463 1803 541 1891 quia
554 1805 729 1872 communi
743 1805 899 1871 omnium
926 1802 1041 1873 studio
1067 1803 1242 1892 provisum

224 1917 307 1991 erat,
329 1930 373 1978 ne
388 1910 550 1998 mysteria
577 1910 634 1976 illa
660 1910 920 1999 profanarentur
940 1911 1129 2000 impietate,
1150 1913 1243 1976 tanta

224 2026 296 2086 arte
310 2017 440 2086 facetiis
454 2017 591 2085 miscuit
619 2000 832 2106 graritatem,
856 2019 1028 2106 justisque
1068 2037 1243 2086 sacrorum

225 2125 384 2193 laudibus
399 2125 603 2214 temperavit
617 2131 651 2192 et
665 2125 786 2191 Bacchi
800 2129 835 2192 et
850 2125 955 2192 totius
975 2125 1151 2214 religionis
1166 2124 1249 2191 irri-·

226 2234 359 2301 sionem
382 2239 419 2300 ut
433 2231 575 2300 ridenda
586 2225 755 2299 Bacchicae'
768 2231 926 2311 licentiae,
946 2232 1033 2300 seria
1052 2236 1161 2320 poetae
1176 2231 1244 2320 pie·
1273 2235 1275 2239 ’

228 2341 287 2406 1111
304 2340 451 2428 populus
471 2338 662 2428 imperitae,
679 2349 778 2421 potos
796 2349 827 2403 et
842 2344 937 2404 cclcc
961 2339 1163 2428 assignaret.
1181 2338 1243 2416 Oui

227 2455 342 2512 tamen
357 2446 567 2512 initiatorum
586 2446 709 2512 choros
725 2443 827 2511 altius
847 2446 1039 2534 perspicere
1056 2444 1184 2524 volent,
1202 2445 1244 2513 iis

227 2552 445 2620 manifestum
468 2554 531 2619 erit
547 2553 703 2642 religiosa
724 2551 838 2620 omnia
864 2552 1118 2630 consuetudini,
1140 2553 1245 2642 impia

226 2680 307 2727 vero
337 2659 461 2727 fabulae
488 2660 662 2749 proposito
696 2680 771 2727 esse
800 2659 981 2727 tribuenda
997 2664 1022 2726 2.
1048 2661 1244 2728 Carminum

226 2768 319 2834 enim
333 2769 451 2857 religio
474 2774 583 2857 poetae
613 2773 685 2835 crat
700 2768 886 2856 imperata;
913 2768 1107 2857 argumenti
1136 2768 1244 2856 ipsius

226 2876 445 2943 irreverentia
460 2895 500 2954 ex
517 2877 544 2963 ej
552 2895 591 2942 us
604 2874 745 2941 arbitrio
772 2875 879 2942 libero
909 2880 942 2942 et
968 2875 1143 2944 voluntate
1158 2895 1243 2965 pen-

227 2982 339 3050 debat.
362 2983 453 3049 Nilril
473 3003 554 3050 vero
577 2981 731 3070 impedit,
762 2983 826 3050 etsi
852 2983 1013 3070 pietatem
1034 2983 1127 3048 illam
1148 3003 1242 3050 com-

228 3091 418 3157 mentitiam
438 3095 472 3157 et
487 3094 638 3157 coactam
651 3088 857 3177 judicamus
883 3090 1062 3176 quinariis
1078 3109 1178 3157 causa
1198 3093 1244 3156 at-

227 3217 293 3285 que
310 3197 461 3276 nomine,
479 3202 588 3285 poetae
600 3197 741 3285 ingenio
761 3197 818 3284 qui
847 3215 922 3264 eam
951 3217 1013 3264 suo
1036 3197 1130 3285 operi
1145 3216 1245 3264 exor-

227 3304 341 3371 nando
371 3303 539 3382 adhibuit,
568 3309 602 3371 et
642 3303 746 3370 sacris
777 3304 893 3392 patriis
926 3304 1120 3372 Graecorum
1152 3302 1245 3372 unde

229 3414 442 3502 majestatem
457 3412 551 3478 illam
576 3412 765 3478 carminum
796 3411 1008 3500 deprompsit
1028 3412 1242 3501 plaudamus.

227 3517 389 3586 Eamdem
406 3525 520 3586 tamen
541 3517 584 3585 ob
601 3535 738 3585 cansam
756 3517 950 3585 dolebimus
970 3538 1010 3586 eo
1027 3519 1175 3607 antiquae
1190 3541 1245 3588 re-

226 3624 363 3713 ligionis
394 3626 558 3694 cecidisse
585 3627 841 3693 reiterationem
870 3627 986 3715 vulgo
1023 3633 1061 3693 ut
1084 3629 1155 3716 jam
1183 3649 1244 3716 pro

226 3732 359 3800 seriaet
387 3733 532 3800 honesta
561 3739 708 3821 nequeat
730 3733 847 3823 accipi,
867 3754 943 3821 quae
972 3753 1009 3802 se
1024 3735 1069 3801 ita
1086 3734 1190 3823 pollui
1211 3739 1245 3801 at

225 3839 354 3906 turbari
372 3841 530 3928 patiatur.

256 4089 265 4124 ¹
286 4093 358 4147 aan.‚
373 4091 489 4139 sat-675.
797 4131 801 4142 .

255 4167 332 4220 ²Alia
345 4173 497 4231 aprunam,
511 4187 552 4232 op.
565 4172 617 4228 cit,
629 4187 652 4231 p.
672 4173 716 4218 267
732 4176 813 4230 etseq.
824 4173 878 4220 Vid.
891 4176 998 4220 aeterum
1010 4173 1244 4232 monetaneum.
