<?xml version="1.0" encoding="UTF-8"?>
<!DOCTYPE html PUBLIC "-//W3C//DTD XHTML 1.0 Transitional//EN"
    "http://www.w3.org/TR/xhtml1/DTD/xhtml1-transitional.dtd">
<html xmlns="http://www.w3.org/1999/xhtml" xml:lang="en" lang="en">
 <head>
  <title>
</title>
<meta http-equiv="Content-Type" content="text/html;charset=utf-8" />
  <meta name='ocr-system' content='tesseract 3.04.00' />
  <meta name='ocr-capabilities' content='ocr_page ocr_carea ocr_par ocr_line ocrx_word'/>
</head>
<body>
  <div class='ocr_page' id='page_1' title='image "./aristophanesimp00hildgoog_0042.png"; bbox 0 0 3114 5088; ppageno 0'>
   <div class='ocr_carea' id='block_1_1' title="bbox 628 530 768 586">
    <p class='ocr_par' dir='ltr' id='par_1_1' title="bbox 628 530 768 586">
     <span class='ocr_line' id='line_1_1' title="bbox 628 530 768 586; baseline 0.014 -14"><span class='ocrx_word' id='word_1_1' title='bbox 628 530 768 586; x_wconf 62' lang='lat' dir='ltr'><strong>-w-</strong></span> 
     </span>
    </p>
   </div>
   <div class='ocr_carea' id='block_1_2' title="bbox 179 654 1204 3866">
    <p class='ocr_par' dir='ltr' id='par_1_2' title="bbox 182 654 1204 3219">
     <span class='ocr_line' id='line_1_2' title="bbox 185 654 1204 746; baseline 0.001 -20"><span class='ocrx_word' id='word_1_2' title='bbox 185 654 347 726; x_wconf 65' lang='lat' dir='ltr'><strong>terrebunt</strong></span> <span class='ocrx_word' id='word_1_3' title='bbox 377 669 540 734; x_wconf 77' lang='lat' dir='ltr'><strong>manum,</strong></span> <span class='ocrx_word' id='word_1_4' title='bbox 578 655 864 746; x_wconf 85' lang='lat' dir='ltr'><strong>philosophorum</strong></span> <span class='ocrx_word' id='word_1_5' title='bbox 902 656 1087 726; x_wconf 79' lang='lat' dir='ltr'><strong>consectati</strong></span> <span class='ocrx_word' id='word_1_6' title='bbox 1122 663 1204 727; x_wconf 88' lang='lat' dir='ltr'><strong>sunt</strong></span> 
     </span>
     <span class='ocr_line' id='line_1_3' title="bbox 187 762 1202 854; baseline 0.002 -22"><span class='ocrx_word' id='word_1_7' title='bbox 187 762 398 854; x_wconf 79' lang='lat' dir='ltr'><strong>disciplinas,</strong></span> <span class='ocrx_word' id='word_1_8' title='bbox 420 762 513 852; x_wconf 70' lang='lat' dir='ltr'><strong>meod</strong></span> <span class='ocrx_word' id='word_1_9' title='bbox 531 764 752 852; x_wconf 76' lang='lat' dir='ltr'><strong>juventutem</strong></span> <span class='ocrx_word' id='word_1_10' title='bbox 776 769 1037 854; x_wconf 72' lang='lat' dir='ltr'><strong>corrumperent</strong></span> <span class='ocrx_word' id='word_1_11' title='bbox 1062 769 1096 832; x_wconf 93' lang='lat' dir='ltr'><strong>et</strong></span> <span class='ocrx_word' id='word_1_12' title='bbox 1118 762 1202 834; x_wconf 89' lang='lat' dir='ltr'><strong>deos</strong></span> 
     </span>
     <span class='ocr_line' id='line_1_4' title="bbox 186 868 1202 960; baseline 0 -22"><span class='ocrx_word' id='word_1_13' title='bbox 186 891 209 938; x_wconf 74' lang='lat' dir='ltr'><strong>a</strong></span> <span class='ocrx_word' id='word_1_14' title='bbox 233 868 421 960; x_wconf 82' lang='lat' dir='ltr'><strong>majoribus</strong></span> <span class='ocrx_word' id='word_1_15' title='bbox 442 871 554 940; x_wconf 87' lang='lat' dir='ltr'><strong>cultos</strong></span> <span class='ocrx_word' id='word_1_16' title='bbox 579 889 655 940; x_wconf 89' lang='lat' dir='ltr'><strong>esse</strong></span> <span class='ocrx_word' id='word_1_17' title='bbox 682 875 858 960; x_wconf 76' lang='lat' dir='ltr'>negarent.</span> <span class='ocrx_word' id='word_1_18' title='bbox 882 871 950 938; x_wconf 89' lang='lat' dir='ltr'><strong>Nec</strong></span> <span class='ocrx_word' id='word_1_19' title='bbox 965 870 1202 960; x_wconf 79' lang='lat' dir='ltr'>Aristophanis</span> 
     </span>
     <span class='ocr_line' id='line_1_5' title="bbox 188 976 1199 1058; baseline -0.001 -11"><span class='ocrx_word' id='word_1_20' title='bbox 188 985 323 1048; x_wconf 84' lang='lat' dir='ltr'><strong>tanturn</strong></span> <span class='ocrx_word' id='word_1_21' title='bbox 339 979 370 1047; x_wconf 88' lang='lat' dir='ltr'><strong>is</strong></span> <span class='ocrx_word' id='word_1_22' title='bbox 383 997 478 1047; x_wconf 88' lang='lat' dir='ltr'><strong>error</strong></span> <span class='ocrx_word' id='word_1_23' title='bbox 494 978 558 1048; x_wconf 82' lang='lat' dir='ltr'><strong>init</strong></span> <span class='ocrx_word' id='word_1_24' title='bbox 571 976 632 1047; x_wconf 91' lang='lat' dir='ltr'><strong>sed</strong></span> <span class='ocrx_word' id='word_1_25' title='bbox 647 978 752 1046; x_wconf 89' lang='lat' dir='ltr'><strong>totius</strong></span> <span class='ocrx_word' id='word_1_26' title='bbox 773 978 951 1047; x_wconf 81' lang='lat' dir='ltr'><strong>comoediae</strong></span> <span class='ocrx_word' id='word_1_27' title='bbox 970 979 1103 1058; x_wconf 63' lang='lat' dir='ltr'><strong>Atticm</strong></span> <span class='ocrx_word' id='word_1_28' title='bbox 1119 998 1199 1047; x_wconf 86' lang='lat' dir='ltr'><strong>nam</strong></span> 
     </span>
     <span class='ocr_line' id='line_1_6' title="bbox 187 1085 1200 1176; baseline -0.001 -21"><span class='ocrx_word' id='word_1_29' title='bbox 187 1095 223 1155; x_wconf 87' lang='lat' dir='ltr'><strong>et</strong></span> <span class='ocrx_word' id='word_1_30' title='bbox 249 1087 425 1166; x_wconf 82' lang='lat' dir='ltr'><strong>Cratinus,</strong></span> <span class='ocrx_word' id='word_1_31' title='bbox 458 1085 598 1176; x_wconf 84' lang='lat' dir='ltr'><strong>Eupolis</strong></span> <span class='ocrx_word' id='word_1_32' title='bbox 609 1093 716 1175; x_wconf 88' lang='lat' dir='ltr'><strong>atque·</strong></span> <span class='ocrx_word' id='word_1_33' title='bbox 745 1085 914 1174; x_wconf 81' lang='lat' dir='ltr'><strong>Amipsies</strong></span> <span class='ocrx_word' id='word_1_34' title='bbox 944 1086 1200 1176; x_wconf 84' lang='lat' dir='ltr'>philosophiam</span> 
     </span>
     <span class='ocr_line' id='line_1_7' title="bbox 187 1191 1200 1284; baseline 0 -20"><span class='ocrx_word' id='word_1_35' title='bbox 187 1213 315 1264; x_wconf 82' lang='lat' dir='ltr'><strong>novam</strong></span> <span class='ocrx_word' id='word_1_36' title='bbox 337 1192 489 1284; x_wconf 79' lang='lat' dir='ltr'>aggressi</span> <span class='ocrx_word' id='word_1_37' title='bbox 510 1197 611 1272; x_wconf 88' lang='lat' dir='ltr'><strong>sunt,</strong></span> <span class='ocrx_word' id='word_1_38' title='bbox 630 1191 754 1262; x_wconf 88' lang='lat' dir='ltr'><strong>eodem</strong></span> <span class='ocrx_word' id='word_1_39' title='bbox 777 1212 845 1281; x_wconf 84' lang='lat' dir='ltr'><strong>quo</strong></span> <span class='ocrx_word' id='word_1_40' title='bbox 874 1192 1122 1283; x_wconf 78' lang='lat' dir='ltr'><strong>Aristophanes</strong></span> <span class='ocrx_word' id='word_1_41' title='bbox 1137 1215 1200 1264; x_wconf 90' lang='lat' dir='ltr'><strong>uc-</strong></span> 
     </span>
     <span class='ocr_line' id='line_1_8' title="bbox 187 1298 1199 1390; baseline 0.001 -20"><span class='ocrx_word' id='word_1_42' title='bbox 187 1302 303 1381; x_wconf 75' lang='lat' dir='ltr'><strong>miue,</strong></span> <span class='ocrx_word' id='word_1_43' title='bbox 336 1300 442 1370; x_wconf 87' lang='lat' dir='ltr'><strong>etde</strong></span> <span class='ocrx_word' id='word_1_44' title='bbox 475 1302 612 1370; x_wconf 82' lang='lat' dir='ltr'><strong>Socrate</strong></span> <span class='ocrx_word' id='word_1_45' title='bbox 634 1300 867 1390; x_wconf 78' lang='lat' dir='ltr'><strong>sophistisque</strong></span> <span class='ocrx_word' id='word_1_46' title='bbox 898 1298 1093 1370; x_wconf 86' lang='lat' dir='ltr'><strong>statuerunt</strong></span> <span class='ocrx_word' id='word_1_47' title='bbox 1129 1309 1199 1372; x_wconf 89' lang='lat' dir='ltr'><strong>tro·</strong></span> 
     </span>
     <span class='ocr_line' id='line_1_9' title="bbox 188 1408 1201 1500; baseline 0.004 -24"><span class='ocrx_word' id='word_1_48' title='bbox 188 1429 261 1500; x_wconf 78' lang='lat' dir='ltr'><strong>paru</strong></span> <span class='ocrx_word' id='word_1_49' title='bbox 280 1413 318 1476; x_wconf 85' lang='lat'><strong>¹:</strong></span> <span class='ocrx_word' id='word_1_50' title='bbox 350 1408 477 1498; x_wconf 89' lang='lat' dir='ltr'><strong>quibus</strong></span> <span class='ocrx_word' id='word_1_51' title='bbox 509 1409 592 1476; x_wconf 86' lang='lat' dir='ltr'><strong>item</strong></span> <span class='ocrx_word' id='word_1_52' title='bbox 624 1415 827 1476; x_wconf 89' lang='lat' dir='ltr'><strong>consuetum</strong></span> <span class='ocrx_word' id='word_1_53' title='bbox 859 1416 947 1486; x_wconf 87' lang='lat' dir='ltr'><strong>erat,</strong></span> <span class='ocrx_word' id='word_1_54' title='bbox 975 1409 1201 1480; x_wconf 75' lang='lat' dir='ltr'><strong>irreverenter</strong></span> 
     </span>
     <span class='ocr_line' id='line_1_10' title="bbox 188 1515 1200 1606; baseline 0.002 -20"><span class='ocrx_word' id='word_1_55' title='bbox 188 1517 231 1588; x_wconf 92' lang='lat' dir='ltr'><strong>de</strong></span> <span class='ocrx_word' id='word_1_56' title='bbox 257 1516 581 1606; x_wconf 75' lang='lat' dir='ltr'><strong>divinislocuentes</strong></span> <span class='ocrx_word' id='word_1_57' title='bbox 605 1535 768 1606; x_wconf 77' lang='lat' dir='ltr'><strong>personas</strong></span> <span class='ocrx_word' id='word_1_58' title='bbox 795 1515 955 1586; x_wconf 82' lang='lat' dir='ltr'><strong>inducere</strong></span> <span class='ocrx_word' id='word_1_59' title='bbox 980 1522 1015 1586; x_wconf 88' lang='lat' dir='ltr'><strong>et</strong></span> <span class='ocrx_word' id='word_1_60' title='bbox 1040 1515 1200 1588; x_wconf 84' lang='lat' dir='ltr'><strong>ridiculas</strong></span> 
     </span>
     <span class='ocr_line' id='line_1_11' title="bbox 187 1621 1199 1714; baseline 0.001 -21"><span class='ocrx_word' id='word_1_61' title='bbox 187 1625 332 1696; x_wconf 79' lang='lat' dir='ltr'><strong>deornm</strong></span> <span class='ocrx_word' id='word_1_62' title='bbox 362 1624 493 1714; x_wconf 86' lang='lat' dir='ltr'><strong>speeies</strong></span> <span class='ocrx_word' id='word_1_63' title='bbox 520 1621 769 1714; x_wconf 83' lang='lat' dir='ltr'><strong>componendis</strong></span> <span class='ocrx_word' id='word_1_64' title='bbox 795 1622 959 1692; x_wconf 86' lang='lat' dir='ltr'><strong>adhihere</strong></span> <span class='ocrx_word' id='word_1_65' title='bbox 986 1624 1122 1693; x_wconf 81' lang='lat' dir='ltr'><strong>fabulis.</strong></span> <span class='ocrx_word' id='word_1_66' title='bbox 1152 1627 1199 1694; x_wconf 85' lang='lat' dir='ltr'><strong>Eo</strong></span> 
     </span>
     <span class='ocr_line' id='line_1_12' title="bbox 187 1728 1198 1824; baseline -0.001 -23"><span class='ocrx_word' id='word_1_67' title='bbox 187 1729 444 1824; x_wconf 82' lang='lat' dir='ltr'><strong>ipsocornmdia</strong></span> <span class='ocrx_word' id='word_1_68' title='bbox 464 1751 581 1802; x_wconf 85' lang='lat' dir='ltr'><strong>secum</strong></span> <span class='ocrx_word' id='word_1_69' title='bbox 605 1731 679 1820; x_wconf 89' lang='lat' dir='ltr'><strong>ipsa</strong></span> <span class='ocrx_word' id='word_1_70' title='bbox 700 1728 843 1812; x_wconf 82' lang='lat' dir='ltr'><strong>discors,</strong></span> <span class='ocrx_word' id='word_1_71' title='bbox 875 1731 1059 1821; x_wconf 82' lang='lat' dir='ltr'><strong>imaginem</strong></span> <span class='ocrx_word' id='word_1_72' title='bbox 1083 1732 1198 1823; x_wconf 94' lang='lat' dir='ltr'><strong>populi</strong></span> 
     </span>
     <span class='ocr_line' id='line_1_13' title="bbox 186 1837 1197 1929; baseline 0 -21"><span class='ocrx_word' id='word_1_73' title='bbox 186 1839 407 1910; x_wconf 67' lang='lat' dir='ltr'><strong>Atheniensis</strong></span> <span class='ocrx_word' id='word_1_74' title='bbox 418 1839 597 1928; x_wconf 82' lang='lat' dir='ltr'><strong>expressit,</strong></span> <span class='ocrx_word' id='word_1_75' title='bbox 612 1839 669 1928; x_wconf 86' lang='lat' dir='ltr'><strong>qui</strong></span> <span class='ocrx_word' id='word_1_76' title='bbox 679 1837 886 1928; x_wconf 88' lang='lat' dir='ltr'><strong>jamdudum</strong></span> <span class='ocrx_word' id='word_1_77' title='bbox 898 1837 1064 1928; x_wconf 72' lang='lat' dir='ltr'><strong>gliscente</strong></span> <span class='ocrx_word' id='word_1_78' title='bbox 1076 1839 1197 1929; x_wconf 91' lang='lat' dir='ltr'><strong>impie·</strong></span> 
     </span>
     <span class='ocr_line' id='line_1_14' title="bbox 187 1945 1198 2036; baseline 0 -20"><span class='ocrx_word' id='word_1_79' title='bbox 187 1953 269 2029; x_wconf 79' lang='lat' dir='ltr'><strong>tate,</strong></span> <span class='ocrx_word' id='word_1_80' title='bbox 288 1961 485 2036; x_wconf 80' lang='lat' dir='ltr'><strong>quanquam</strong></span> <span class='ocrx_word' id='word_1_81' title='bbox 499 1945 660 2016; x_wconf 75' lang='lat' dir='ltr'><strong>absurdis</strong></span> <span class='ocrx_word' id='word_1_82' title='bbox 677 1946 857 2016; x_wconf 76' lang='lat' dir='ltr'><strong>vetustatis</strong></span> <span class='ocrx_word' id='word_1_83' title='bbox 879 1946 1015 2035; x_wconf 85' lang='lat' dir='ltr'><strong>placitis</strong></span> <span class='ocrx_word' id='word_1_84' title='bbox 1033 1945 1198 2017; x_wconf 85' lang='lat' dir='ltr'><strong>abhorre-</strong></span> 
     </span>
     <span class='ocr_line' id='line_1_15' title="bbox 185 2052 1198 2145; baseline 0.002 -21"><span class='ocrx_word' id='word_1_85' title='bbox 185 2053 257 2135; x_wconf 75' lang='lat' dir='ltr'><strong>ter,</strong></span> <span class='ocrx_word' id='word_1_86' title='bbox 280 2052 567 2144; x_wconf 82' lang='lat' dir='ltr'><strong>philosophorum</strong></span> <span class='ocrx_word' id='word_1_87' title='bbox 598 2060 713 2124; x_wconf 86' lang='lat' dir='ltr'><strong>tamen</strong></span> <span class='ocrx_word' id='word_1_88' title='bbox 739 2053 922 2144; x_wconf 77' lang='lat' dir='ltr'><strong>respuebat</strong></span> <span class='ocrx_word' id='word_1_89' title='bbox 948 2052 1198 2145; x_wconf 81' lang='lat' dir='ltr'><strong>disputationes</strong></span> 
     </span>
     <span class='ocr_line' id='line_1_16' title="bbox 185 2159 1198 2251; baseline 0.002 -21"><span class='ocrx_word' id='word_1_90' title='bbox 185 2165 222 2230; x_wconf 87' lang='lat' dir='ltr'><strong>et</strong></span> <span class='ocrx_word' id='word_1_91' title='bbox 241 2161 278 2230; x_wconf 90' lang='lat' dir='ltr'><strong>iu</strong></span> <span class='ocrx_word' id='word_1_92' title='bbox 302 2179 365 2229; x_wconf 87' lang='lat' dir='ltr'><strong>eos</strong></span> <span class='ocrx_word' id='word_1_93' title='bbox 385 2159 498 2249; x_wconf 83' lang='lat' dir='ltr'><strong>specie</strong></span> <span class='ocrx_word' id='word_1_94' title='bbox 524 2160 700 2250; x_wconf 85' lang='lat' dir='ltr'><strong>religionis</strong></span> <span class='ocrx_word' id='word_1_95' title='bbox 720 2161 893 2231; x_wconf 79' lang='lat' dir='ltr'><strong>saeviebat.</strong></span> <span class='ocrx_word' id='word_1_96' title='bbox 921 2161 1062 2242; x_wconf 84' lang='lat' dir='ltr'><strong>Comici,</strong></span> <span class='ocrx_word' id='word_1_97' title='bbox 1090 2183 1198 2251; x_wconf 84' lang='lat' dir='ltr'><strong>quum</strong></span> 
     </span>
     <span class='ocr_line' id='line_1_17' title="bbox 185 2267 1198 2358; baseline -0.002 -18"><span class='ocrx_word' id='word_1_98' title='bbox 185 2267 382 2358; x_wconf 75' lang='lat' dir='ltr'><strong>popruterem</strong></span> <span class='ocrx_word' id='word_1_99' title='bbox 403 2267 555 2340; x_wconf 68' lang='lat' dir='ltr'><strong>ffluorem</strong></span> <span class='ocrx_word' id='word_1_100' title='bbox 573 2275 656 2340; x_wconf 82' lang='lat' dir='ltr'><strong>aute</strong></span> <span class='ocrx_word' id='word_1_101' title='bbox 672 2270 788 2338; x_wconf 86' lang='lat' dir='ltr'><strong>omnia</strong></span> <span class='ocrx_word' id='word_1_102' title='bbox 811 2269 992 2352; x_wconf 86' lang='lat' dir='ltr'><strong>ambirent,</strong></span> <span class='ocrx_word' id='word_1_103' title='bbox 1020 2269 1198 2338; x_wconf 81' lang='lat' dir='ltr'><strong>uoluntate</strong></span> 
     </span>
     <span class='ocr_line' id='line_1_18' title="bbox 185 2375 1196 2467; baseline -0.001 -20"><span class='ocrx_word' id='word_1_104' title='bbox 185 2375 240 2447; x_wconf 85' lang='lat' dir='ltr'><strong>rai</strong></span> <span class='ocrx_word' id='word_1_105' title='bbox 253 2376 396 2466; x_wconf 85' lang='lat' dir='ltr'><strong>iugenio</strong></span> <span class='ocrx_word' id='word_1_106' title='bbox 408 2375 475 2466; x_wconf 84' lang='lat' dir='ltr'><strong>ipsi</strong></span> <span class='ocrx_word' id='word_1_107' title='bbox 490 2376 698 2467; x_wconf 87' lang='lat' dir='ltr'><strong>sapientium</strong></span> <span class='ocrx_word' id='word_1_108' title='bbox 710 2376 864 2448; x_wconf 81' lang='lat' dir='ltr'><strong>doctriua</strong></span> <span class='ocrx_word' id='word_1_109' title='bbox 879 2376 996 2455; x_wconf 77' lang='lat' dir='ltr'><strong>alieni,</strong></span> <span class='ocrx_word' id='word_1_110' title='bbox 1013 2383 1196 2446; x_wconf 82' lang='lat' dir='ltr'><strong>novatores</strong></span> 
     </span>
     <span class='ocr_line' id='line_1_19' title="bbox 185 2481 1196 2573; baseline -0.002 -19"><span class='ocrx_word' id='word_1_111' title='bbox 185 2483 380 2555; x_wconf 78' lang='lat' dir='ltr'><strong>habuerunt</strong></span> <span class='ocrx_word' id='word_1_112' title='bbox 402 2481 563 2565; x_wconf 71' lang='lat' dir='ltr'><strong>ludibrio,</strong></span> <span class='ocrx_word' id='word_1_113' title='bbox 592 2503 744 2573; x_wconf 81' lang='lat' dir='ltr'><strong>quorum</strong></span> <span class='ocrx_word' id='word_1_114' title='bbox 766 2483 936 2554; x_wconf 86' lang='lat' dir='ltr'><strong>audaciori</strong></span> <span class='ocrx_word' id='word_1_115' title='bbox 964 2484 1115 2554; x_wconf 85' lang='lat' dir='ltr'><strong>scientiae</strong></span> <span class='ocrx_word' id='word_1_116' title='bbox 1142 2485 1196 2554; x_wconf 87' lang='lat' dir='ltr'><strong>vel</strong></span> 
     </span>
     <span class='ocr_line' id='line_1_20' title="bbox 183 2589 1195 2684; baseline 0.005 -25"><span class='ocrx_word' id='word_1_117' title='bbox 183 2589 283 2660; x_wconf 83' lang='lat' dir='ltr'><strong>inscii</strong></span> <span class='ocrx_word' id='word_1_118' title='bbox 296 2589 425 2658; x_wconf 85' lang='lat' dir='ltr'><strong>dehent</strong></span> <span class='ocrx_word' id='word_1_119' title='bbox 440 2609 592 2682; x_wconf 88' lang='lat' dir='ltr'><strong>operam.</strong></span> <span class='ocrx_word' id='word_1_120' title='bbox 609 2591 659 2660; x_wconf 85' lang='lat' dir='ltr'><strong>Its</strong></span> <span class='ocrx_word' id='word_1_121' title='bbox 674 2591 798 2662; x_wconf 88' lang='lat' dir='ltr'><strong>iisdem</strong></span> <span class='ocrx_word' id='word_1_122' title='bbox 815 2593 849 2662; x_wconf 93' lang='lat' dir='ltr'><strong>in</strong></span> <span class='ocrx_word' id='word_1_123' title='bbox 866 2592 989 2662; x_wconf 88' lang='lat' dir='ltr'><strong>fabulis</strong></span> <span class='ocrx_word' id='word_1_124' title='bbox 1005 2613 1195 2684; x_wconf 74' lang='lat' dir='ltr'><strong>repugnan-</strong></span> 
     </span>
     <span class='ocr_line' id='line_1_21' title="bbox 184 2698 1195 2788; baseline 0.004 -22"><span class='ocrx_word' id='word_1_125' title='bbox 184 2698 406 2778; x_wconf 73' lang='lat' dir='ltr'><strong>ticinium,</strong></span> <span class='ocrx_word' id='word_1_126' title='bbox 433 2698 519 2766; x_wconf 84' lang='lat' dir='ltr'><strong>artis</strong></span> <span class='ocrx_word' id='word_1_127' title='bbox 541 2698 692 2788; x_wconf 85' lang='lat' dir='ltr'><strong>quodam</strong></span> <span class='ocrx_word' id='word_1_128' title='bbox 716 2700 894 2780; x_wconf 84' lang='lat' dir='ltr'><strong>miraculo,</strong></span> <span class='ocrx_word' id='word_1_129' title='bbox 923 2701 1107 2770; x_wconf 77' lang='lat' dir='ltr'><strong>commixto</strong></span> <span class='ocrx_word' id='word_1_130' title='bbox 1120 2704 1195 2769; x_wconf 88' lang='lat' dir='ltr'><strong>aui·</strong></span> 
     </span>
     <span class='ocr_line' id='line_1_22' title="bbox 183 2804 1194 2897; baseline 0.006 -23"><span class='ocrx_word' id='word_1_131' title='bbox 183 2804 397 2877; x_wconf 78' lang='lat' dir='ltr'><strong>nruvcrtere</strong></span> <span class='ocrx_word' id='word_1_132' title='bbox 417 2813 485 2886; x_wconf 66' lang='lat' dir='ltr'><strong>est,</strong></span> <span class='ocrx_word' id='word_1_133' title='bbox 503 2806 632 2878; x_wconf 88' lang='lat' dir='ltr'><strong>scilicet</strong></span> <span class='ocrx_word' id='word_1_134' title='bbox 655 2807 845 2896; x_wconf 86' lang='lat' dir='ltr'><strong>antiquitus</strong></span> <span class='ocrx_word' id='word_1_135' title='bbox 868 2808 1000 2878; x_wconf 85' lang='lat' dir='ltr'><strong>treditae</strong></span> <span class='ocrx_word' id='word_1_136' title='bbox 1019 2807 1194 2897; x_wconf 77' lang='lat' dir='ltr'><strong>mytholo-</strong></span> 
     </span>
     <span class='ocr_line' id='line_1_23' title="bbox 182 2913 1192 3006; baseline 0.002 -24"><span class='ocrx_word' id='word_1_137' title='bbox 182 2914 244 3004; x_wconf 73' lang='lat' dir='ltr'><strong>gie</strong></span> <span class='ocrx_word' id='word_1_138' title='bbox 260 2913 557 2994; x_wconf 73' lang='lat' dir='ltr'><strong>deformationem,</strong></span> <span class='ocrx_word' id='word_1_139' title='bbox 580 2915 659 3004; x_wconf 85' lang='lat' dir='ltr'><strong>quia</strong></span> <span class='ocrx_word' id='word_1_140' title='bbox 682 2914 811 2984; x_wconf 77' lang='lat' dir='ltr'><strong>adultae</strong></span> <span class='ocrx_word' id='word_1_141' title='bbox 829 2918 900 3006; x_wconf 86' lang='lat' dir='ltr'><strong>jam</strong></span> <span class='ocrx_word' id='word_1_142' title='bbox 926 2917 1049 2984; x_wconf 88' lang='lat' dir='ltr'><strong>rationi</strong></span> <span class='ocrx_word' id='word_1_143' title='bbox 1072 2935 1192 3006; x_wconf 89' lang='lat' dir='ltr'><strong>parum</strong></span> 
     </span>
     <span class='ocr_line' id='line_1_24' title="bbox 182 3021 1194 3115; baseline 0.002 -23"><span class='ocrx_word' id='word_1_144' title='bbox 182 3021 421 3112; x_wconf 76' lang='lat' dir='ltr'><strong>respondebat,</strong></span> <span class='ocrx_word' id='word_1_145' title='bbox 448 3028 484 3090; x_wconf 87' lang='lat' dir='ltr'><strong>et</strong></span> <span class='ocrx_word' id='word_1_146' title='bbox 505 3023 762 3092; x_wconf 86' lang='lat' dir='ltr'><strong>criminationes</strong></span> <span class='ocrx_word' id='word_1_147' title='bbox 784 3023 820 3092; x_wconf 91' lang='lat' dir='ltr'><strong>in</strong></span> <span class='ocrx_word' id='word_1_148' title='bbox 846 3024 1085 3114; x_wconf 80' lang='lat' dir='ltr'><strong>philosophos,</strong></span> <span class='ocrx_word' id='word_1_149' title='bbox 1114 3026 1194 3115; x_wconf 82' lang='lat' dir='ltr'><strong>quia</strong></span> 
     </span>
     <span class='ocr_line' id='line_1_25' title="bbox 182 3129 880 3219; baseline 0 -21"><span class='ocrx_word' id='word_1_150' title='bbox 182 3135 314 3219; x_wconf 77' lang='lat' dir='ltr'><strong>patrum</strong></span> <span class='ocrx_word' id='word_1_151' title='bbox 335 3129 457 3219; x_wconf 86' lang='lat' dir='ltr'><strong>placita</strong></span> <span class='ocrx_word' id='word_1_152' title='bbox 471 3129 612 3202; x_wconf 81' lang='lat' dir='ltr'><strong>abolere</strong></span> <span class='ocrx_word' id='word_1_153' title='bbox 625 3130 837 3202; x_wconf 74' lang='lat' dir='ltr'><strong>cunctentur</strong></span> <span class='ocrx_word' id='word_1_154' title='bbox 852 3136 880 3198; x_wconf 72' lang='lat'><strong>2.</strong></span> 
     </span>
    </p>

    <p class='ocr_par' dir='ltr' id='par_1_3' title="bbox 179 3237 1193 3866">
     <span class='ocr_line' id='line_1_26' title="bbox 223 3237 1193 3330; baseline 0.002 -24"><span class='ocrx_word' id='word_1_155' title='bbox 223 3237 323 3316; x_wconf 74' lang='lat' dir='ltr'><strong>duod</strong></span> <span class='ocrx_word' id='word_1_156' title='bbox 340 3252 422 3308; x_wconf 87' lang='lat' dir='ltr'><strong>sane</strong></span> <span class='ocrx_word' id='word_1_157' title='bbox 437 3238 579 3328; x_wconf 88' lang='lat' dir='ltr'><strong>plausus</strong></span> <span class='ocrx_word' id='word_1_158' title='bbox 593 3238 770 3308; x_wconf 87' lang='lat' dir='ltr'><strong>obtinendi</strong></span> <span class='ocrx_word' id='word_1_159' title='bbox 786 3237 948 3330; x_wconf 90' lang='lat' dir='ltr'><strong>cupidine</strong></span> <span class='ocrx_word' id='word_1_160' title='bbox 963 3244 998 3308; x_wconf 91' lang='lat' dir='ltr'><strong>et</strong></span> <span class='ocrx_word' id='word_1_161' title='bbox 1013 3239 1106 3329; x_wconf 86' lang='lat' dir='ltr'><strong>vulgi</strong></span> <span class='ocrx_word' id='word_1_162' title='bbox 1124 3239 1193 3330; x_wconf 89' lang='lat' dir='ltr'><strong>opi·</strong></span> 
     </span>
     <span class='ocr_line' id='line_1_27' title="bbox 181 3343 1192 3439; baseline 0.006 -25"><span class='ocrx_word' id='word_1_163' title='bbox 181 3343 345 3414; x_wconf 77' lang='lat' dir='ltr'><strong>sionibus</strong></span> <span class='ocrx_word' id='word_1_164' title='bbox 374 3344 573 3416; x_wconf 87' lang='lat' dir='ltr'><strong>blandiendi</strong></span> <span class='ocrx_word' id='word_1_165' title='bbox 603 3348 746 3418; x_wconf 87' lang='lat' dir='ltr'><strong>consilio</strong></span> <span class='ocrx_word' id='word_1_166' title='bbox 777 3353 891 3439; x_wconf 88' lang='lat' dir='ltr'><strong>potest</strong></span> <span class='ocrx_word' id='word_1_167' title='bbox 927 3347 1082 3416; x_wconf 85' lang='lat' dir='ltr'><strong>excusari</strong></span> <span class='ocrx_word' id='word_1_168' title='bbox 1107 3347 1192 3421; x_wconf 84' lang='lat' dir='ltr'><strong>:sed</strong></span> 
     </span>
     <span class='ocr_line' id='line_1_28' title="bbox 181 3453 1190 3545; baseline 0.002 -23"><span class='ocrx_word' id='word_1_169' title='bbox 181 3453 281 3522; x_wconf 85' lang='lat' dir='ltr'><strong>ulium</strong></span> <span class='ocrx_word' id='word_1_170' title='bbox 307 3469 447 3543; x_wconf 84' lang='lat' dir='ltr'><strong>quoque</strong></span> <span class='ocrx_word' id='word_1_171' title='bbox 465 3459 569 3543; x_wconf 88' lang='lat' dir='ltr'><strong>atque</strong></span> <span class='ocrx_word' id='word_1_172' title='bbox 584 3475 657 3524; x_wconf 91' lang='lat' dir='ltr'><strong>eam</strong></span> <span class='ocrx_word' id='word_1_173' title='bbox 682 3455 889 3545; x_wconf 81' lang='lat' dir='ltr'><strong>praeoipuam</strong></span> <span class='ocrx_word' id='word_1_174' title='bbox 915 3475 1051 3524; x_wconf 88' lang='lat' dir='ltr'><strong>causam</strong></span> <span class='ocrx_word' id='word_1_175' title='bbox 1074 3455 1190 3526; x_wconf 87' lang='lat' dir='ltr'><strong>habet.</strong></span> 
     </span>
     <span class='ocr_line' id='line_1_29' title="bbox 180 3561 1192 3653; baseline 0.002 -23"><span class='ocrx_word' id='word_1_176' title='bbox 180 3563 224 3630; x_wconf 65' lang='lat' dir='ltr'><strong><em>h</em></strong></span> <span class='ocrx_word' id='word_1_177' title='bbox 239 3561 333 3632; x_wconf 88' lang='lat' dir='ltr'><strong>enim</strong></span> <span class='ocrx_word' id='word_1_178' title='bbox 348 3561 438 3653; x_wconf 88' lang='lat' dir='ltr'><strong>apud</strong></span> <span class='ocrx_word' id='word_1_179' title='bbox 455 3561 684 3632; x_wconf 79' lang='lat' dir='ltr'><strong>Athenienses</strong></span> <span class='ocrx_word' id='word_1_180' title='bbox 699 3563 782 3630; x_wconf 86' lang='lat' dir='ltr'><strong>artis</strong></span> <span class='ocrx_word' id='word_1_181' title='bbox 795 3569 868 3630; x_wconf 89' lang='lat' dir='ltr'><strong>erat</strong></span> <span class='ocrx_word' id='word_1_182' title='bbox 887 3564 939 3632; x_wconf 88' lang='lat' dir='ltr'><strong>vis</strong></span> <span class='ocrx_word' id='word_1_183' title='bbox 958 3568 1059 3652; x_wconf 86' lang='lat' dir='ltr'><strong>atque</strong></span> <span class='ocrx_word' id='word_1_184' title='bbox 1078 3570 1192 3632; x_wconf 90' lang='lat' dir='ltr'><strong>aucto-</strong></span> 
     </span>
     <span class='ocr_line' id='line_1_30' title="bbox 180 3667 1192 3762; baseline 0.002 -26"><span class='ocrx_word' id='word_1_185' title='bbox 180 3669 273 3750; x_wconf 83' lang='lat' dir='ltr'><strong>ritas,</strong></span> <span class='ocrx_word' id='word_1_186' title='bbox 291 3688 333 3738; x_wconf 82' lang='lat' dir='ltr'><strong>ett</strong></span> <span class='ocrx_word' id='word_1_187' title='bbox 345 3669 536 3738; x_wconf 84' lang='lat' dir='ltr'><strong>litterarum</strong></span> <span class='ocrx_word' id='word_1_188' title='bbox 556 3667 674 3758; x_wconf 80' lang='lat' dir='ltr'><strong>gratia,</strong></span> <span class='ocrx_word' id='word_1_189' title='bbox 697 3675 735 3738; x_wconf 90' lang='lat' dir='ltr'><strong>ut</strong></span> <span class='ocrx_word' id='word_1_190' title='bbox 751 3667 805 3738; x_wconf 86' lang='lat' dir='ltr'><strong>vel</strong></span> <span class='ocrx_word' id='word_1_191' title='bbox 821 3668 1029 3740; x_wconf 88' lang='lat' dir='ltr'><strong>alienissima</strong></span> <span class='ocrx_word' id='word_1_192' title='bbox 1047 3688 1066 3737; x_wconf 86' lang='lat' dir='ltr'><strong>a</strong></span> <span class='ocrx_word' id='word_1_193' title='bbox 1084 3691 1192 3762; x_wconf 93' lang='lat' dir='ltr'><strong>popu-</strong></span> 
     </span>
     <span class='ocr_line' id='line_1_31' title="bbox 179 3774 1187 3866; baseline 0.003 -23"><span class='ocrx_word' id='word_1_194' title='bbox 179 3774 237 3844; x_wconf 86' lang='lat' dir='ltr'><strong>lari</strong></span> <span class='ocrx_word' id='word_1_195' title='bbox 246 3775 375 3866; x_wconf 86' lang='lat' dir='ltr'><strong>judicio</strong></span> <span class='ocrx_word' id='word_1_196' title='bbox 391 3775 580 3866; x_wconf 75' lang='lat' dir='ltr'><strong>approbare</strong></span> <span class='ocrx_word' id='word_1_197' title='bbox 593 3775 770 3846; x_wconf 75' lang='lat' dir='ltr'><strong>ualuisset.</strong></span> <span class='ocrx_word' id='word_1_198' title='bbox 788 3775 854 3846; x_wconf 84' lang='lat' dir='ltr'><strong>Sed</strong></span> <span class='ocrx_word' id='word_1_199' title='bbox 868 3776 902 3846; x_wconf 92' lang='lat' dir='ltr'><strong>in</strong></span> <span class='ocrx_word' id='word_1_200' title='bbox 919 3777 1057 3846; x_wconf 87' lang='lat' dir='ltr'><strong>civitate</strong></span> <span class='ocrx_word' id='word_1_201' title='bbox 1070 3777 1187 3858; x_wconf 79' lang='lat' dir='ltr'><strong>libera,</strong></span> 
     </span>
    </p>
   </div>
   <div class='ocr_carea' id='block_1_3' title="bbox 206 4055 1188 4114">
    <p class='ocr_par' dir='ltr' id='par_1_4' title="bbox 206 4055 1188 4114">
     <span class='ocr_line' id='line_1_32' title="bbox 206 4055 1188 4114; baseline 0.009 -12"><span class='ocrx_word' id='word_1_202' title='bbox 206 4056 215 4090; x_wconf 91' lang='lat'>¹</span> <span class='ocrx_word' id='word_1_203' title='bbox 238 4056 292 4103; x_wconf 79' lang='lat' dir='ltr'><strong>vid.</strong></span> <span class='ocrx_word' id='word_1_204' title='bbox 309 4057 407 4112; x_wconf 72' lang='lat' dir='ltr'><strong>Sonat..</strong></span> <span class='ocrx_word' id='word_1_205' title='bbox 422 4057 495 4112; x_wconf 58' lang='lat' dir='ltr'><strong>Nus,</strong></span> <span class='ocrx_word' id='word_1_206' title='bbox 511 4059 542 4105; x_wconf 87' lang='lat' dir='ltr'><strong>ed</strong></span> <span class='ocrx_word' id='word_1_207' title='bbox 555 4071 578 4105; x_wconf 88' lang='lat' dir='ltr'><strong>r.</strong></span> <span class='ocrx_word' id='word_1_208' title='bbox 596 4059 634 4111; x_wconf 80' lang='lat'><strong>97.</strong></span> <span class='ocrx_word' id='word_1_209' title='bbox 646 4060 697 4104; x_wconf 83' lang='lat' dir='ltr'><strong>ruo.</strong></span> <span class='ocrx_word' id='word_1_210' title='bbox 707 4058 775 4104; x_wconf 86' lang='lat' dir='ltr'><strong>D10o.</strong></span> <span class='ocrx_word' id='word_1_211' title='bbox 789 4059 889 4109; x_wconf 71' lang='lat' dir='ltr'><strong>Lustra..</strong></span> <span class='ocrx_word' id='word_1_212' title='bbox 908 4058 939 4114; x_wconf 76' lang='lat'><strong>11.</strong></span> <span class='ocrx_word' id='word_1_213' title='bbox 953 4058 990 4107; x_wconf 71' lang='grc'><strong>28.</strong></span> <span class='ocrx_word' id='word_1_214' title='bbox 1008 4055 1044 4104; x_wconf 82' lang='lat' dir='ltr'><strong>Gi.</strong></span> <span class='ocrx_word' id='word_1_215' title='bbox 1055 4057 1188 4111; x_wconf 63' lang='lat' dir='ltr'><strong>Humum</strong></span> 
     </span>
    </p>
   </div>
   <div class='ocr_carea' id='block_1_4' title="bbox 36 4134 645 4208">
    <p class='ocr_par' dir='ltr' id='par_1_5' title="bbox 36 4134 645 4208">
     <span class='ocr_line' id='line_1_33' title="bbox 36 4134 645 4208; baseline 0.005 -25"><span class='ocrx_word' id='word_1_216' title='bbox 36 4199 39 4208; x_wconf 30' lang='grc'><em>“</em></span> <span class='ocrx_word' id='word_1_217' title='bbox 177 4134 278 4198; x_wconf 72' lang='lat' dir='ltr'><strong>Proesat.</strong></span> <span class='ocrx_word' id='word_1_218' title='bbox 294 4136 328 4185; x_wconf 83' lang='lat' dir='ltr'><strong>ud</strong></span> <span class='ocrx_word' id='word_1_219' title='bbox 342 4135 430 4194; x_wconf 68' lang='lat' dir='ltr'><strong>Nutu.</strong></span> <span class='ocrx_word' id='word_1_220' title='bbox 446 4139 545 4190; x_wconf 77' lang='lat' dir='ltr'><strong>XXXW</strong></span> <span class='ocrx_word' id='word_1_221' title='bbox 557 4143 645 4197; x_wconf 67' lang='lat' dir='ltr'><strong>otuu.</strong></span> 
     </span>
    </p>
   </div>
   <div class='ocr_carea' id='block_1_5' title="bbox 205 4213 1133 4296">
    <p class='ocr_par' dir='ltr' id='par_1_6' title="bbox 205 4213 1133 4296">
     <span class='ocr_line' id='line_1_34' title="bbox 205 4213 1133 4296; baseline 0.013 -33"><span class='ocrx_word' id='word_1_222' title='bbox 205 4213 216 4250; x_wconf 80' lang='lat'><strong>¹</strong></span> <span class='ocrx_word' id='word_1_223' title='bbox 232 4217 359 4273; x_wconf 82' lang='lat' dir='ltr'><strong>Quomodo</strong></span> <span class='ocrx_word' id='word_1_224' title='bbox 370 4219 495 4277; x_wconf 76' lang='lat' dir='ltr'><strong>contraris</strong></span> <span class='ocrx_word' id='word_1_225' title='bbox 509 4219 556 4268; x_wconf 79' lang='lat' dir='ltr'><strong>itta</strong></span> <span class='ocrx_word' id='word_1_226' title='bbox 566 4219 628 4271; x_wconf 82' lang='lat' dir='ltr'><strong>iuter</strong></span> <span class='ocrx_word' id='word_1_227' title='bbox 642 4231 668 4266; x_wconf 86' lang='lat' dir='ltr'><strong>ss</strong></span> <span class='ocrx_word' id='word_1_228' title='bbox 682 4219 853 4279; x_wconf 75' lang='lat' dir='ltr'><strong>concilientur,</strong></span> <span class='ocrx_word' id='word_1_229' title='bbox 872 4224 922 4272; x_wconf 82' lang='lat' dir='ltr'><strong>vid.</strong></span> <span class='ocrx_word' id='word_1_230' title='bbox 938 4224 1011 4280; x_wconf 75' lang='lat' dir='ltr'><strong>iuna,</strong></span> <span class='ocrx_word' id='word_1_231' title='bbox 1026 4238 1079 4296; x_wconf 79' lang='lat' dir='ltr'><strong>cup.</strong></span> <span class='ocrx_word' id='word_1_232' title='bbox 1094 4227 1133 4280; x_wconf 82' lang='lat' dir='ltr'><strong>tv.</strong></span> 
     </span>
    </p>
   </div>
   <div class='ocr_carea' id='block_1_6' title="bbox 0 0 1562 5088">
    <p class='ocr_par' dir='ltr' id='par_1_7' title="bbox 0 0 1562 5088">
     <span class='ocr_line' id='line_1_35' title="bbox 0 0 1562 5088; baseline 0 4"><span class='ocrx_word' id='word_1_233' title='bbox 0 0 1562 5088; x_wconf 95' lang='lat' dir='ltr'><strong> </strong></span> 
     </span>
    </p>
   </div>
  </div>
 </body>
</html>
