3114 5088
798 493 939 548 -34..

364 620 552 711 tophanem
570 637 631 708 per
650 613 867 707 prudentiam
885 615 940 683 vel
957 615 1121 705 pietatem
1142 615 1396 686 sacerdotibus

362 729 410 796 ait
423 726 617 818 pepercisse
629 729 663 793 et
679 723 745 792 tela
760 743 822 790 sua
835 723 950 790 omnia
966 723 1155 812 conjecisse
1173 723 1207 791 in
1223 737 1397 816 χρησμλᾰ.

359 871 423 926 γους
442 848 466 902 t.
482 831 681 903 Sacerdotes
697 850 820 918 nempe
839 850 908 897 nou
921 829 1139 900 contumeliis
1155 837 1291 900 tantum
1309 831 1385 900 sed

361 941 561 1012 verberibus
582 945 727 1006 onustos
746 937 781 1003 in
803 941 924 1003 Avitus
949 943 983 1004 et
1008 937 1043 1003 in
1069 941 1166 1004 Pluto
1186 938 1387 1007 babemus.

361 1047 530 1118 Incedunt
561 1045 705 1114 fastuosi
742 1043 873 1120 babitu,
912 1063 1072 1113 sermone
1105 1044 1242 1136 turgidi,
1283 1045 1391 1114 avidi

362 1161 515 1246 quastus
539 1160 573 1222 et
592 1152 686 1242 digni
706 1151 765 1240 qui
788 1157 882 1217 corui
902 1157 1069 1218 vocentur
1084 1155 1111 1230 ²,
1138 1172 1209 1221 non
1237 1161 1391 1242 propter

363 1265 526 1344 colorem,
549 1267 587 1329 ut
612 1257 847 1328 nebulonibus
863 1258 990 1326 uostris
1006 1267 1209 1328 consuetum
1226 1267 1291 1339 est,
1317 1259 1389 1330 sed

363 1377 501 1461 propter
525 1367 744 1457 rapacitatem
755 1389 763 1446 ;
782 1364 890 1434 facete
906 1365 1047 1433 omuino
1065 1364 1222 1434 venalem
1237 1366 1386 1434 illorum

362 1483 483 1556 artem,
502 1473 694 1564 ampullosa
718 1472 823 1541 verba
839 1477 873 1540 et
893 1471 935 1539 ad
953 1474 1221 1542 ostentationem
1235 1495 1387 1562 compo-

362 1584 427 1652 sita
436 1581 684 1670 Aristophanes
697 1579 910 1669 perstringit,
925 1580 997 1648 sive
1012 1580 1188 1649 Hierocles
1203 1602 1387 1648 commen-

363 1691 437 1758 titio
457 1688 618 1758 vaticinio
638 1692 759 1754 Pacem
774 1687 810 1753 in
829 1687 942 1754 lucem
962 1685 1099 1775 prodire
1122 1693 1226 1768 vetat,
1248 1689 1383 1756 sivein

362 1803 484 1865 Avidus
499 1811 579 1888 tepeo:
591 1795 741 1885 primum
755 1813 816 1884 per
830 1793 993 1861 ridiculos
1015 1794 1177 1884 ambages
1191 1816 1263 1864 τοῖσι
1275 1816 1385 1864 καινοῖ-

363 1940 405 1976 σιν
417 1923 484 1982 Oroi:
504 1893 671 1994 plessdiUI',
685 1913 873 1991 χρησμολόγος
887 1900 1012 1969 deinde
1030 1901 1162 1969 bacidis
1181 1902 1289 1971 fretus
1305 1924 1382 1971 Ola-

362 2011 452 2092 culo,
470 2010 534 2079 Slhl
550 2025 652 2101 ἱμάτιον
673 2023 790 2099 καθαρὸν
804 2023 850 2078 καὶ
868 2023 949 2078 καινὰ
964 2019 1058 2080 πέδιλα
1070 2010 1204 2099 repelli,
1222 2010 1295 2077 Sive
1315 2009 1380 2078 de-

362 2119 466 2208 nique
479 2117 514 2184 in
533 2121 628 2184 Pluto
640 2117 733 2184 lovis
750 2117 938 2184 Servatoris
951 2116 1107 2184 minister
1119 2134 1259 2205 operam
1277 2136 1378 2184 suam

361 2246 452 2294 novo
463 2223 527 2294 deo
542 2224 652 2304 offert,
667 2221 757 2312 apud
771 2242 873 2310 quem
887 2243 1019 2291 coenam
1031 2229 1185 2312 paratam
1196 2228 1249 2291 est
1262 2243 1378 2312 reper-

361 2339 470 2414 turus,
493 2332 651 2422 Olympio
663 2331 796 2421 jejunio
813 2337 966 2399 enectus.

406 2437 533 2508 Eadem
567 2437 723 2507 libertate
755 2439 790 2505 in
821 2437 1086 2516 sacrificiorum,
1119 2436 1373 2517 initiationum,

362 2547 664 2634 precationumque
684 2529 826 2612 ridicula
846 2543 1035 2610 imitatione
1062 2563 1146 2610 usus
1168 2551 1220 2611 est
1242 2544 1374 2611 Aristo-

362 2651 507 2740 phanes.
537 2650 633 2728 Ouod
663 2649 706 2716 ad
735 2669 853 2742 preces
880 2656 1027 2738 votaque
1058 2650 1200 2731 attinet,
1227 2651 1315 2717 sicut
1339 2651 1374 2716 in

362 2756 561 2846 quotidiano
587 2757 667 2824 vitae
691 2778 755 2824 usu
787 2756 874 2823 nihil
900 2757 1050 2845 incipere
1084 2757 1240 2825 solebant
1268 2758 1402 2845 Graeci¹

360 2864 444 2952 quin
461 2863 544 2932 deos
559 2864 623 2932 sihi
638 2851 799 2932 vocarent
814 2864 849 2932 in
864 2863 1070 2944 subsidium,
1085 2865 1131 2932 ita
1144 2864 1179 2931 in
1190 2864 1371 2944 comoedia,

361 2971 439 3038 vitae
456 2970 618 3060 imagine,
636 2972 742 3039 moris
757 2971 849 3039 illius
866 2991 954 3061 pene
972 2973 1151 3040 innumera
1167 2971 1374 3041 documenta

361 3085 561 3160 occurrunt,
586 3078 747 3168 gravibus
772 3078 948 3146 interdum
979 3079 1164 3146 commixta
1192 3081 1373 3148 sententiis

360 3192 462 3275 atque
487 3185 598 3254 verbis
623 3192 662 3253 ut
685 3186 952 3274 religiosissima
974 3193 1164 3276 congruant
1192 3192 1372 3254 consuetu-

359 3293 444 3375 dini,
463 3297 498 3361 ni
514 3296 613 3362 tertio
629 3315 765 3383 quoque
779 3315 880 3362 versu
897 3296 1131 3364 cavillationes
1141 3296 1372 3364 etfaoetiaeiu-

360 3400 539 3470 tercidant.
560 3401 598 3467 Iu
612 3420 679 3488 quo
693 3421 763 3467 non
779 3400 937 3489 impietas
950 3402 1189 3491 Aristophanis
1202 3403 1373 3492 culpanda

360 3514 424 3588 est,
449 3507 509 3574 sed
530 3504 748 3596 praedicanda
771 3508 944 3593 ammira,
966 3510 1023 3597 qui
1044 3530 1151 3597 quum
1169 3509 1372 3599 religionem

358 3613 615 3682 admiscendam
633 3611 926 3697 habebatfabulis,
948 3637 1018 3684 non
1035 3616 1143 3684 voluit
1163 3623 1372 3706 spectatores

359 3719 536 3788 comoediee
561 3718 715 3787 oblivisci
741 3721 908 3809 propositi
919 3746 928 3803 ;
948 3723 1038 3790 inter
1066 3721 1153 3790 seria
1175 3724 1373 3812 comicaque

359 3825 702 3917 dubiumelegititer,
715 3826 750 3893 in
770 3848 837 3915 quo
849 3829 939 3898 risus
950 3829 1170 3899 veneratione
1190 3830 1368 3919 excipitur,

388 4074 398 4109 ¹
419 4075 560 4134 hannones,
573 4091 613 4138 op.
628 4078 679 4135 eit..
694 4093 718 4139 p.
733 4082 771 4127 at.

388 4153 399 4188 ¹
419 4159 490 4214 Pom,
506 4159 564 4206 loll
580 4165 604 4206 et
616 4173 678 4220 seq.;
692 4162 745 4218 Λα,
759 4163 803 4208 858
819 4165 842 4207 et
855 4173 918 4218 serp,
931 4164 975 4208 959
991 4165 1014 4208 et
1029 4174 1095 4221 serp:
1116 4162 1190 4220 rtet,
1210 4166 1265 4211 litt
1280 4169 1303 4212 ot
1318 4175 1369 4224 seq.
