3114 5088
658 511 799 566 47..

218 637 404 707 Mercurius
438 643 476 706 ut
507 637 659 706 divinam
687 635 937 726 supellectilem
972 631 1143 721 (qualemt
1185 630 1232 698 dii

217 745 301 813 honi
313 747 348 831 l),
372 749 502 831 χυτρίδια
514 751 559 808 καὶ
575 747 683 807 σανίδια
693 746 874 827 κάμφορείδια,
895 759 1041 829 quotum
1071 738 1235 806 ridiculus

219 858 300 919 ante
322 851 439 919 oculos
457 851 639 936 apparatus
659 847 760 934 jacet,
788 853 933 914 tueatur.
951 845 1236 932 Adsuntquoque

220 957 454 1026 commentitia
475 953 629 1032 numina,
646 953 828 1021 Tumultus
842 961 944 1042 atque
958 952 1102 1030 Bellum,
1120 970 1162 1018 ax
1179 969 1235 1018 ve·

222 1065 352 1133 teribus
373 1061 584 1150 mythologis
607 1066 796 1148 assumpta,
828 1082 904 1148 quae
923 1061 1049 1127 frustra
1071 1058 1237 1148 pistillum

221 1172 268 1242 ad
291 1170 454 1240 Graeciam
477 1166 722 1236 conterendam
742 1168 932 1256 requirunt.
951 1167 1044 1234 Nihil
1064 1168 1189 1234 mirum
1208 1165 1238 1232 si

222 1277 406 1347 immodica
421 1273 603 1344 insolentia
618 1273 706 1341 hanc
721 1272 946 1342 deformatam
964 1273 1099 1362 Olympi
1115 1275 1237 1362 majes-

224 1391 329 1454 tatem
354 1381 484 1452 accedit
503 1382 677 1470 Trygaeus,
706 1403 809 1470 quem
830 1382 1086 1471 jucundissime
1102 1381 1237 1449 Germa-

223 1493 322 1560 nicus
344 1494 593 1559 commentator
615 1491 743 1556 recenti
768 1488 903 1557 cuidam
920 1517 937 1553 «
962 1489 1107 1558 commis
1130 1507 1236 1576 voya-

222 1619 309 1688 geur
335 1624 352 1659 »
386 1600 560 1685 comparat
578 1597 602 1662 ¹.
644 1595 810 1664 Conviciis
848 1598 995 1685 primum
1023 1617 1042 1664 a
1075 1597 1238 1665 Mercurio

223 1711 398 1793 exceptus
425 1701 486 1770 sed
514 1721 557 1768 ue
580 1706 695 1770 motus
721 1701 874 1789 quidem,
896 1701 1177 1771 comitatemsibi
1203 1708 1237 1769 et

222 1809 500 1878 benevolentiam
526 1807 626 1876 donis
650 1809 733 1877 emit
760 1818 793 1877 et
821 1817 1059 1879 renascentem
1084 1815 1160 1898 post
1183 1808 1239 1874 ab·

223 1922 380 2005 sumptas
408 1935 528 1984 carues
558 1915 643 1982 iram
666 1913 826 1984 feriarum
858 1918 1086 2006 promissione
1112 1922 1146 1986 et
1169 1935 1239 1982 non

223 2024 381 2114 gratuitis
396 2022 555 2112 precibus
577 2022 701 2090 iterum
726 2025 923 2113 compescit.
952 2026 1071 2093 Patere
1088 2043 1190 2092 auree
1206 2027 1241 2090 et

222 2131 316 2198 Jovis
333 2134 465 2198 metum
487 2135 521 2196 et
541 2129 690 2197 fatorum
711 2151 827 2197 curam
846 2153 923 2220 quae
947 2130 1132 2200 liberandae
1147 2129 1241 2198 Pacis

224 2237 369 2306 consilio
384 2237 566 2318 violantur,
589 2237 761 2324 portitoris
776 2239 890 2306 animo
916 2239 1023 2328 fugat,
1051 2239 1097 2306 ita
1113 2243 1150 2305 ut
1166 2239 1240 2325 ipse

225 2364 313 2434 pene
334 2342 463 2412 nefario
485 2342 581 2434 operi
595 2342 788 2410 subsidium
804 2344 965 2434 praebeet.
983 2346 1169 2414 Mercurius
1185 2345 1242 2412 1116

227 2450 518 2538 Aristophanem,
551 2469 654 2536 quem
682 2449 815 2542 eadem
833 2453 946 2540 specie
975 2473 1174 2542 expressum
1207 2452 1242 2519 in

227 2556 325 2624 Pluto
342 2556 511 2625 habemus
529 2559 554 2634 2,
572 2556 691 2624 alacris
706 2556 835 2645 aliquid
852 2564 887 2627 61
898 2560 1006 2648 jocosi
1022 2581 1092 2649 prae
1109 2580 1147 2629 se
1161 2560 1239 2639 lert,

225 2684 295 2751 quo
315 2665 391 2752 jure
412 2667 532 2746 Ftpuro
561 2669 692 2743 nostre,
719 2667 859 2733 mutatis
885 2667 1072 2749 mutandis
1096 2667 1241 2737 conferri

227 2775 350 2858 potest.
372 2769 479 2846 Quem
503 2770 693 2858 antiquitus
716 2770 880 2859 alioquin,
906 2796 973 2843 non
993 2775 1149 2844 hilariter
1168 2782 1241 2842 tan-

226 2885 302 2944 tum
321 2876 382 2945 sed
407 2877 535 2945 comice
556 2876 771 2946 celebrarunt
789 2878 912 2966 hymni
928 2882 1106 2964 homerici,
1126 2882 1241 2950 fratris

226 2982 393 3072 Apollinis
422 2982 529 3052 boves
560 2984 802 3072 surripientem
833 2991 867 3052 61
895 2988 1036 3082 inventa
1069 2988 1243 3058 testudine

228 3089 418 3178 placentem
428 3091 621 3158 inimicitias
633 3093 658 3170 ³;
670 3091 822 3178 quilovis
833 3091 1033 3162 caduceator
1041 3094 1083 3161 ab
1098 3095 1243 3182 Olympo

228 3195 272 3264 ad
289 3198 450 3266 mortales
468 3224 485 3260 a
502 3198 597 3286 itque
611 3197 769 3287 reditque
785 3199 874 3266 viam
890 3201 991 3269 toties
1008 3228 1025 3264 »
1044 3207 1078 3270 et
1102 3199 1244 3268 dolosus

228 3303 301 3392 ipse
318 3304 508 3373 latronibus
535 3305 709 3385 omnibus,
737 3308 984 3376 mercatoribus
1008 3329 1158 3398 quoque,
1176 3329 1242 3376 nu-

229 3431 309 3479 meu
327 3411 471 3480 hebetur
488 3413 646 3492 tutelare;
668 3414 727 3501 qui
743 3413 893 3503 denique
908 3425 1076 3500 Ψυχαγώγου
1101 3417 1136 3483 16
1150 3436 1243 3484 com·

230 3520 385 3587 mentitia
404 3519 565 3607 Odysseae
589 3527 684 3609 perte
705 3519 861 3610 fungitur
886 3522 1006 3591 officiis
1022 3523 1048 3603 4,
1074 3529 1107 3592 61
1125 3523 1244 3590 alacris

230 3647 345 3716 prave,
363 3633 484 3715 utpote
500 3629 812 3698 innumeradoctus
831 3630 972 3698 artificia
987 3637 1021 3698 61
1037 3630 1245 3720 multiplices

259 3850 269 3886 ¹
285 3854 402 3911 0116611,
420 3869 460 3915 op.
477 3856 529 3912 cit,
544 3870 568 3916 p.
581 3860 619 3905 96.

258 3932 271 3968 ²
285 3929 361 3992 Plut,
376 3937 435 3982 1008
449 3937 537 3994 etseq.
1238 3987 1241 3991 .

259 4013 272 4049 ³
291 4016 383 4078 Hymni
397 4018 504 4074 Homer„
521 4017 561 4065 111.
578 4017 640 4066 Edit.
654 4019 761 4080 aionon,
780 4032 804 4077 p.
820 4022 863 4066 515
877 4024 900 4066 61
912 4031 962 4077 seq.
980 4017 1016 4067 Cl.
1029 4020 1150 4073 1111111111,
1166 4019 1186 4074 1,
1200 4016 1244 4062 111

228 4101 252 4144 61
266 4109 317 4156 seq.

259 4173 271 4208 ⁴
285 4175 337 4234 011,
354 4178 440 4234 xxiv,
457 4177 511 4224 init.
