3156 5082
671 521 812 578 ..75-

227 648 570 734 commemoratione,
592 651 630 718 ut
645 653 755 717 toturn
773 667 860 738 opus
882 663 953 714 non
972 643 1058 716 adeo
1078 644 1121 714 ah
1137 643 1247 716 Iacchi

229 778 356 849 pompa
376 757 544 826 dissimile
559 777 645 826 sono
665 764 767 845 atque
781 755 961 825 sententiis
975 754 1142 837 videatur,
1158 757 1248 824 Aris-

229 867 400 956 tophanes
424 872 541 933 tamen
571 885 682 935 Μουυιυ
697 876 775 956 ἔργου
801 886 871 933 non
900 885 1005 954 μυουυιυ
1028 863 1188 944 celebret,
1215 871 1249 932 et

228 989 361 1063 Κρυτῑυου
376 991 424 1043 τοῦ
439 987 609 1063 ταυροφάγου
633 973 801 1041 solemnia
817 972 1082 1062 spectatoribus
1105 993 1176 1040 non
1193 989 1248 1046 Aa·

229 1105 329 1162 μητροι
341 1081 505 1169 mysteria
523 1080 665 1148 initiatis
684 1082 813 1168 aperiat
832 1086 855 1148 ¹.
879 1082 1036 1150 Carmina
1051 1081 1212 1170 pleraque
1228 1100 1248 1148 a

229 1189 536 1269 chorodooantata,
554 1207 751 1276 quanquam
781 1209 859 1254 curn
884 1187 1137 1258 Eleusiniorum
1163 1188 1247 1256 deo-

230 1315 308 1362 rum
331 1294 548 1364 invocatione
578 1297 773 1384 conjuncta,
796 1295 839 1363 ad
864 1297 1040 1386 proprium
1066 1295 1246 1363 comoediae

230 1425 319 1494 opus
334 1409 368 1472 at
384 1404 533 1493 palmam
547 1403 665 1471 victori
684 1404 895 1492 propositam
911 1408 1067 1493 spactant
1082 1408 1109 1470 Ι.
1125 1401 1163 1469 In'
1179 1423 1246 1490 quo

230 1512 358 1581 Preilcr
367 1513 446 1602 jure
462 1509 636 1579 videbitur
661 1531 793 1579 enasse
813 1513 871 1600 qui
894 1531 1015 1580 vorsus
1033 1515 1069 1579 ³:
1092 1547 1102 1576 υ
1121 1530 1186 1592 aaa
1202 1525 1247 1579 τοι

229 1643 333 1699 σαυτῆς
347 1634 430 1711 χορόν
445 1647 452 1692 :
534 1637 681 1694 νικήσαντα
694 1637 872 1705 ταινιοῦσθαι,
888 1640 930 1688 ΟΧ
953 1621 1027 1708 ipsa
1056 1619 1247 1688 Eleusinio-

229 1752 309 1798 rum
332 1725 584 1798 consuetudine
608 1727 771 1815 repetitos
791 1726 932 1816 judicat,
957 1728 1054 1815 quasi
1084 1725 1247 1814 mysteria

228 1835 482 1905 celebrantibus
498 1834 637 1923 praemia
655 1834 813 1922 quadam
826 1834 953 1904 suerint
965 1835 1147 1925 proposita.
1164 1833 1247 1912 Ouio

229 1941 372 2010 demum
388 1962 559 2031 nusquam
574 1942 617 2011 de
633 1943 691 2011 tali
722 1964 816 2012 more
844 1944 1005 2012 traditum
1026 1948 1089 2022 ost,
1109 1961 1245 2010 carmen

228 2051 316 2120 illud
326 2073 387 2128 ταῖς
401 2068 524 2142 πατρίοις
536 2065 650 2128 τελεταῖς
664 2073 724 2128 ταῖς
738 2073 785 2120 τοῦ
808 2063 960 2122 Διονύσου4
978 2072 1048 2119 ΙΙΟΠ
1060 2049 1242 2120 ElssUSissiiS

229 2161 296 2230 orit
318 2159 550 2229 referendum.
1270 2139 1281 2154 ⁰

276 2267 325 2334 ita
341 2267 587 2355 Aristophanes
612 2269 646 2334 in
668 2269 780 2356 operis
801 2269 852 2336 sui
879 2269 1007 2336 finibus
1032 2265 1184 2335 constitit
1212 2271 1248 2334 ot

229 2375 340 2442 anxiae
356 2373 585 2462 quorumdam
602 2375 736 2463 pietatis
751 2377 809 2463 qui
826 2376 878 2444 uel
904 2379 1129 2465 temperatam
1147 2392 1245 2440 sanc·

231 2483 375 2550 tissimae
397 2483 573 2571 roligionis
589 2484 816 2552 imitationem
831 2485 888 2551 rix
915 2481 1047 2574 passuri
1069 2482 1176 2550 fuisse
1195 2482 1247 2549 ui-

230 2589 413 2671 debantur,
431 2590 645 2680 suspiciones
662 2592 792 2659 vitavit.
815 2591 911 2660 Idem
926 2591 1011 2660 iliud
1039 2611 1080 2659 ex
1098 2612 1138 2660 eo
1157 2611 1246 2679 quo·

229 2717 297 2787 que
311 2698 432 2777 clucet,
451 2697 542 2786 quod
560 2697 780 2787 simulatque
801 2698 844 2767 ari
864 2715 1021 2790 τολουτορῑου
1047 2700 1154 2768 limen
1172 2719 1245 2788 per-

230 2812 373 2874 ventum
401 2812 454 2873 est
472 2811 497 2885 ⁵,
537 2806 681 2874 chorum
706 2813 896 2895 mystarum
924 2815 1046 2897 practer
1069 2806 1246 2875 cornoediae

230 2914 516 3012 consuetudinem
543 2934 583 2982 ox
614 2915 693 2982 viris
721 2916 929 3004 feminisque
960 2917 1159 2996 conflatum,
1186 2915 1246 2983 de-

230 3021 347 3101 misit;
366 3021 532 3109 reliquam
548 3020 700 3088 tabulam
723 3022 823 3089 solito
849 3022 980 3110 peragit
1005 3042 1111 3102 more,
1132 3042 1245 3108 nequa

229 3139 473 3216 τᾰςπυυυυχιδος,
512 3148 668 3196 arcanam
689 3131 941 3198 Eleusiniorurn
967 3136 1120 3218 partem,
1158 3129 1246 3196 ultra

232 3238 268 3304 in
291 3235 459 3305 comoedia
478 3237 652 3326 effingere,
675 3238 731 3305 rel
756 3236 890 3306 detorta
913 3237 1116 3317 imitatione,
1140 3257 1246 3305 ausus

232 3351 295 3412 cst.

276 3453 484 3522 Sententiam
514 3459 666 3522 nostram
694 3455 736 3523 de
758 3455 986 3543 Aristophane
1011 3453 1173 3541 mysteria
1197 3453 1246 3520 fa·

232 3557 321 3628 bulis
337 3561 410 3629 suis
426 3561 613 3643 intonante,
633 3562 660 3629 si
680 3563 798 3652 paucis
813 3562 973 3651 colligere
1000 3560 1174 3643 uolumus
1194 3560 1245 3627 af-

263 3809 272 3843 ¹
290 3814 333 3859 Tu.
347 3815 425 3868 Koch,
441 3815 472 3860 ad
489 3829 512 3861 v.
530 3798 611 3861 tat'ot
625 3828 675 3874 seq.

262 3890 343 3940 ²Vid.
358 3908 382 3942 v.
399 3897 517 3948 355-359,
532 3897 648 3950 aaa-372,
666 3895 783 3952 385-3‘ti‚
801 3895 919 3942 305-414.

261 3971 272 4006 ³
289 3972 424 4031 Eleusinia,
447 3972 603 4035 Rectencpct..
618 3977 659 4030 ΙΙΙ,
678 3977 729 4030 101,
746 3989 819 4034 quom
834 3981 933 4024 secutus
946 3981 982 4024 ost
1004 3979 1080 4034 Koch,
1101 3976 1131 4023 ad
1150 3989 1173 4023 u.
1191 3977 1244 4035 39‘2,

233 4059 333 4112 uterquc
345 4054 419 4101 unico
432 4055 603 4116 Aristophanis
618 4055 758 4104 testimonio
771 4057 858 4105 fultus.

262 4133 273 4167 ⁴
292 4137 363 4192 Itan,
380 4139 434 4184 368.

262 4215 273 4250 ⁵
290 4215 365 4276 tcta,
384 4216 428 4266 ΙΙΟ
443 4221 465 4266 ei
481 4231 532 4278 soq.
