3156 5082
793 533 934 589 ..30-

360 692 371 720 a
387 669 546 746 πράττοντες
557 673 695 725 ποιοῦνται
708 671 755 729 πᾶν
768 671 891 746 μίμησιν,
906 691 916 720 s
935 663 980 736 et,
1001 691 1011 720 u
1027 670 1062 725 τά
1074 670 1123 732 ἤθη
1141 672 1381 749 συμπαραλαμὸἀ·

356 799 432 836 „aaa
446 779 495 842 τὰς
507 779 615 855 πράξας
644 767 668 830 ¹.
689 789 705 825 a
721 763 926 852 Religiosam
941 765 1074 853 poesim
1095 785 1164 834 non
1180 786 1285 855 posse
1300 767 1378 836 sine

357 894 484 964 magno
501 871 677 961 religionis
699 871 806 960 ipsius
826 871 977 960 periculo
1010 871 1154 942 ridicula
1182 875 1378 943 imitatione

357 979 553 1060 deformari,
573 1000 632 1068 pro
663 977 899 1047 demonstrato
929 980 992 1046 erit
1018 979 1232 1061 habendum,
1256 989 1289 1050 et
1306 983 1376 1051 nisi

358 1089 620 1166 conniveamus,
637 1086 876 1175 Aristophanis
895 1089 1053 1177 exemplo
1075 1089 1183 1156 oculis
1209 1089 1373 1158 incurret.

356 1197 399 1262 At
414 1195 442 1262 si
459 1195 610 1264 comicus
626 1193 768 1283 periculi
788 1192 879 1260 illius
894 1195 1029 1261 anxiam
1050 1197 1219 1264 rationem
1231 1197 1375 1264 hahuis-

356 1309 419 1382 set,
434 1302 628 1371 uberrimus
642 1300 707 1389 ipsi
719 1321 873 1368 censurae
890 1305 993 1389 atque
1006 1301 1139 1370 ridiculi
1155 1304 1234 1372 fons
1249 1305 1375 1373 fuisset

355 1411 551 1490 conclusus,
576 1428 683 1496 quum
704 1407 869 1497 tragoedia
897 1414 968 1476 tota
988 1409 1233 1501 epicorumque
1259 1413 1374 1501 poesis

356 1519 390 1584 in
416 1518 524 1606 patria
546 1513 744 1583 adornanda
771 1515 936 1604 religione
963 1525 1140 1599 versatum
1165 1526 1198 1588 et
1226 1519 1372 1588 deterri-

357 1645 492 1693 morum
516 1631 693 1712 poetarum
716 1611 890 1711 prohihita
916 1623 1040 1692 suisset
1078 1646 1234 1707 censura,
1267 1627 1370 1694 dum-

357 1730 460 1799 modo
488 1731 523 1797 in
540 1731 666 1798 veteris
682 1731 792 1797 aetatis
806 1730 1035 1799 illustratione
1047 1733 1294 1802 elaborassent.
1311 1738 1374 1804 Ce-

355 1847 466 1908 terum
483 1838 713 1907 Athenienses
733 1839 857 1906 melius
877 1858 914 1906 ac
932 1861 996 1907 nos
1012 1841 1210 1909 mortalium
1227 1864 1373 1932 operum

355 1948 571 2016 vexationem
595 1947 761 2014 comicum
788 1945 829 2012 ah
850 1947 923 2034 ipsa
954 1947 1119 2036 religione
1143 1971 1219 2037 quae
1245 1971 1373 2040 suppe-

354 2055 475 2122 ditarat
506 2055 682 2121 materiam
716 2060 956 2142 segregarunt,
987 2062 1020 2124 et
1043 2055 1108 2124 diis
1141 2057 1223 2146 ipsis
1249 2065 1371 2148 potue-

354 2169 433 2231 runt
460 2182 596 2230 servare
626 2161 881 2229 venerationem
913 2162 1061 2242 solitam,
1096 2164 1229 2231 soumia
1257 2171 1371 2253 poeta-

354 2263 428 2340 rum
444 2295 521 2340 cum
537 2270 766 2359 Aristophane
782 2269 952 2338 hahentes
973 2269 1135 2339 ludibria.

397 2379 499 2448 Aliud
516 2381 550 2446 in
571 2379 828 2448 excusationem
846 2379 1031 2466 impietatis
1058 2379 1238 2446 inventum
1268 2399 1369 2469 argu-

353 2495 509 2558 mentum
528 2493 541 2536 ?
560 2508 677 2556 eorum
696 2487 821 2574 estqui
847 2487 1003 2575 exempla
1018 2487 1157 2554 trahunt
1179 2508 1219 2555 ex
1246 2489 1370 2556 litteris

353 2598 481 2666 nostris
497 2594 733 2686 popularibus
754 2600 787 2661 et
801 2593 978 2682 religiosas
993 2593 1115 2662 naeniae
1140 2596 1248 2664 aetatis
1270 2595 1369 2662 fahu-
1408 2615 1416 2627 ·

352 2706 574 2783 luseramus,
598 2703 632 2767 in
651 2701 777 2789 quihus
796 2702 962 2783 Christus,
982 2701 1098 2770 divina
1119 2707 1239 2782 mater,
1261 2705 1369 2771 sancti

351 2817 453 2900 atque
467 2810 579 2899 augeli
595 2808 738 2876 ridicule
755 2809 880 2896 saepius
893 2809 1082 2896 loquuntur
1095 2817 1128 2877 et
1143 2821 1261 2899 agunt.
1278 2812 1368 2888 Quas

352 2939 526 3009 opponere
556 2919 669 2986 solent
693 2916 953 3004 Aristophaueis
975 2917 1280 2997 commoriamini
1306 2917 1367 2984 ho·

352 3029 498 3109 minum,
518 3034 726 3116 temporum,
745 3025 828 3091 artis
843 3025 975 3092 ratione
994 3024 1121 3104 hahita,
1142 3031 1175 3092 et
1204 3026 1231 3092 si
1262 3024 1368 3093 fidem
1407 3031 1412 3040 '

351 3135 460 3202 facere
494 3135 638 3224 possint,
663 3153 788 3223 magno
815 3133 1004 3199 Atticorum
1033 3131 1253 3200 detrimento.
1282 3133 1369 3209 Quo-

353 3245 467 3324 mod0,
491 3244 592 3311 sinon
614 3243 699 3322 aliis,
723 3262 793 3308 non
821 3240 869 3306 illi
901 3239 1023 3308 saltem
1050 3240 1101 3306 rei
1124 3239 1365 3320 attenderunt,

351 3349 618 3419 scilicetmediae
634 3350 743 3417 aetatis
774 3353 935 3430 mysteria
969 3347 1133 3414 rixantis
1165 3347 1368 3436 praeclarum

349 3457 472 3524 mereri
494 3476 621 3524 nomen
637 3459 671 3523 et
687 3453 876 3543 puerilibus
888 3453 976 3543 jocis
990 3454 1105 3542 potius
1121 3465 1225 3542 quam
1239 3453 1366 3520 littera-

349 3584 425 3631 rum
438 3564 672 3632 monumentis
679 3581 780 3652 posse
788 3562 975 3651 comparari
995 3560 1367 3650 ³?Rudibuspr0posita

382 3825 391 3858 ¹
411 3829 506 3882 Amen,
525 3829 600 3884 Poet,
616 3827 657 3874 vl.

378 3905 389 3938 '2
403 3907 496 3954 Tritum
508 3911 531 3953 et
542 3907 592 3954 lere
602 3908 718 3954 omnihus
731 3913 886 3968 usurpatum.
900 3908 1008 3965 Amulii,
1020 3907 1046 3954 ni
1060 3907 1140 3964 lallor,
1153 3920 1166 3954 o
1178 3905 1219 3954 sn.
1233 3907 1365 3964 scurrone,

347 3987 444 4047 Alliam,
468 3991 513 4045 Ill,
535 3991 590 4045 257,
611 3989 637 4035 in
656 3990 874 4036 commentationes
895 3989 1009 4037 aliorum.
1031 3989 1067 4034 lto
1091 3991 1191 4035 excusat
1218 3988 1366 4047 impietatem

348 4071 424 4116 nostri
440 4073 596 4127 Ducenium,
615 4070 693 4117 Eleate
707 4081 752 4116 sur
769 4070 942 4130 Aristophane,
962 4072 1017 4117 303.
1031 4069 1067 4116 (ll.
1086 4069 1248 4126 Bononiam,
1265 4071 1294 4126 ll,
1311 4068 1365 4126 als,

347 4150 390 4207 qui
409 4155 581 4208 argumentum
598 4164 704 4211 proauo
721 4152 817 4198 dubitat
832 4164 964 4198 assumere.

377 4227 388 4264 ³
405 4231 433 4278 V.
448 4232 604 4289 Monunuourt
618 4235 642 4280 et
656 4234 697 4281 Fu.
712 4229 816 4284 hircum,
840 4230 940 4280 Tlae'ritre
954 4229 1071 4294 franceis
1090 4243 1124 4280 ea
1143 4243 1228 4293 tiroyen
1247 4228 1297 4292 ripe.
1319 4228 1364 4285 Qui
