3114 5088
768 485 909 542 ..50-

377 617 561 705 Postquam
579 613 751 704 sapientes
775 613 889 681 omnis
912 611 1048 700 generis
1072 611 1204 680 tamdiu
1229 611 1353 680 elabo-

331 731 461 806 rarunt,
480 731 517 791 ut
538 721 787 808 mythologiam
807 719 895 786 siout
909 737 928 784 a
941 717 1115 786 veteribus
1134 720 1244 806 poetis
1264 739 1351 787 con-

331 835 410 901 ficta
433 838 515 908 crat,
548 831 685 896 inanem
708 847 784 894 esse
799 833 832 892 et
851 823 1035 892 absurdam
1055 823 1347 906 demonstrarent,

330 947 593 1018 anteventulae,
611 935 752 1023 physica
779 931 903 998 diuinis
928 930 1118 1010 miscendo,
1141 931 1349 1020 interpreta-

332 1055 461 1123 rentur,
493 1041 740 1130 Aristophanes
766 1039 1082 1127 interpretationem
1109 1057 1208 1106 suam
1233 1039 1345 1117 affert,

330 1172 397 1242 qua
423 1171 492 1218 non
533 1149 676 1238 priscam
712 1145 816 1214 modo
849 1144 1081 1233 theogonium,
1118 1144 1161 1210 ali
1190 1147 1347 1236 Homero

329 1260 550 1328 constitutam
568 1261 669 1341 atque
691 1251 851 1326 Hesiodo,
878 1251 936 1319 sed
959 1253 1184 1320 recentiorem
1208 1272 1347 1340 quoque

328 1365 453 1435 fabulis
474 1371 507 1430 et
534 1360 700 1450 sapientia
731 1361 961 1437 commixtam,
994 1359 1103 1446 qualis
1129 1359 1171 1425 ab
1195 1359 1347 1447 orphicis

329 1469 559 1562 progredienti
579 1467 704 1533 rationi
723 1464 979 1533 accommodata
1005 1466 1127 1541 fueret,
1147 1466 1344 1535 divinorum

328 1577 505 1646 scientiam
531 1573 776 1664 perstringeret
795 1577 819 1638 ¹.
851 1572 1083 1652 Pisthetaerus
1102 1575 1187 1642 alter
1204 1576 1345 1642 Prome-

329 1685 442 1762 theus,
457 1683 549 1750 lovis
565 1699 671 1768 regno
689 1679 862 1746 ominatur
881 1679 1059 1748 interitum
1066 1704 1075 1760 ;
1101 1680 1217 1748 avium
1232 1702 1345 1770 genus

327 1791 369 1858 ab
394 1792 525 1878 origine
550 1796 745 1875 temporum
771 1803 933 1874 regnasse
949 1785 983 1850 in
1002 1786 1133 1854 mundo
1148 1788 1341 1873 profitetur,

327 1895 474 1974 Saturni,
494 1894 654 1960 Titanum
670 1900 704 1962 et
727 1893 838 1958 'rerrae
863 1892 1056 1979 antiquius:
1082 1896 1179 1982 cujus
1195 1897 1344 1983 majores

327 2003 461 2092 ignavia
475 2001 664 2069 amiserunt
678 1998 907 2086 tyrannidem,
921 2019 1013 2067 nunc
1025 2001 1224 2069 Pisthetaero
1240 2003 1340 2084 duce,

325 2111 439 2198 ipsum
466 2114 518 2175 est
545 2112 837 2194 recuperaturum.
870 2106 950 2172 Tam
972 2109 1100 2174 versuti
1128 2111 1342 2178 oratorisin-

325 2217 508 2284 flammatae
534 2213 703 2290 facundia,
725 2210 854 2299 quanto
872 2212 991 2299 plausu
1017 2233 1099 2282 aves
1120 2215 1243 2284 futurae
1272 2239 1352 2284 ma·-

320 2323 454 2411 jestatis
469 2321 640 2410 accipiunt
659 2319 780 2387 ornent
811 2319 941 2396 Quanta
960 2320 1132 2390 alacritate
1152 2324 1338 2405 celebrant,

325 2450 401 2515 quae
421 2432 493 2517 jam
517 2449 587 2495 non
604 2427 770 2494 adversus
787 2425 966 2494 Homerica
981 2428 1114 2515 placita,
1133 2431 1286 2500 obsoleta
1306 2443 1341 2502 et

324 2535 483 2613 absurda,
502 2535 612 2602 sedin
630 2534 862 2622 Pythagoreos
889 2533 993 2620 ipsos,
1017 2536 1147 2602 ratione
1168 2539 1339 2624 mytholo-

324 2641 414 2728 giam
429 2641 652 2730 explicantes,
666 2661 728 2728 per
738 2643 835 2730 jocos
846 2646 1128 2727 argumentantur
1139 2651 1173 2712 et
1184 2646 1339 2716 victrices

324 2748 358 2812 in
376 2767 528 2835 pugnam
547 2746 738 2835 procedunt
756 2750 785 2812 21
808 2745 893 2824 Quid
915 2755 1059 2835 prosunt
1073 2757 1207 2818 veteres
1223 2753 1271 2820 illi
1291 2753 1337 2821 dii

322 2852 1334 2944 tvaapocatpouhominumetanimantiumgenerisstoualis,

322 2978 383 3045 pro
399 2959 512 3024 avium
527 2965 705 3047 potestate,
722 2961 814 3028 lovis
830 2960 887 3027 illa
911 2961 1063 3029 fastuosa
1091 2968 1255 3052 potentia,
1271 2971 1332 3037 Ce-

322 3066 406 3131 reris
422 3084 466 3132 ne
494 3086 617 3154 panem
641 3065 782 3154 quidem
803 3067 1033 3136 esurientibus
1050 3069 1164 3159 largiri
1187 3074 1333 3143 valentis

322 3172 568 3252 munificentia,
597 3172 763 3260 Apollinis
783 3171 963 3252 medicina,
996 3177 1166 3260 Minervae,
1195 3180 1332 3250 feminae

321 3279 472 3344 virorum
499 3279 573 3344 urbi
601 3280 813 3366 imperantis,
842 3279 1030 3349 fortitudo‘.l
1055 3284 1227 3360 Gondatur
1246 3289 1334 3356 inter

239 3378 241 3384 ’
321 3384 446 3451 coelum
469 3391 662 3471 terramque
686 3385 801 3452 atrium
823 3386 954 3467 civitas,
972 3389 1206 3473 Nubicuculia,
1222 3417 1335 3482 quasa

322 3489 441 3557 nidore
457 3489 670 3558 victimarum
686 3512 829 3581 superos
845 3494 1036 3584 intercipiat
1052 3505 1087 3565 et
1101 3499 1192 3568 fame
1215 3511 1335 3572 enecet

320 3595 429 3662 Melia.
452 3597 538 3672 Quin
565 3599 635 3666 irno
659 3599 906 3687 prohibeantur
935 3603 981 3669 dii
1004 3625 1048 3672 ne
1071 3625 1132 3693 per
1148 3613 1255 3675 terras
1279 3630 1334 3678 va-

320 3704 620 3790 genturmortales
640 3705 787 3775 feminas
802 3710 999 3797 stupratori,
1018 3719 1052 3779 et
1071 3714 1158 3780 sicut
1177 3716 1281 3784 Graeci
1297 3719 1333 3785 in

350 3971 359 4005 ¹
377 3971 428 4032 Aa,
449 3970 495 4019 467
508 3975 593 4032 etseq.
606 3973 680 4031 thid,
695 3977 754 4022 1565
770 3979 858 4035 etseq.

349 4049 360 4084 ²
378 4052 433 4100 Vid.
450 4053 524 4110 infra,
540 4067 593 4113 cap.
613 4055 651 4101 tv.

349 4129 361 4162 a
377 4131 449 4188 rur,
464 4135 519 4190 rra,
535 4138 588 4191 aar,
606 4134 659 4193 est,
675 4137 728 4183 aaa.
