3156 5082
776 469 934 526 ..ης-

353 595 577 685 contemplari
603 596 655 666 vir
673 595 885 686 ingeniosus,
902 595 967 664 etsi
981 592 1232 684 philosophicis
1241 593 1362 664 abhor-

351 722 431 770 rens
447 700 748 790 disputationibus,
763 703 847 790 quin
856 701 1024 792 judicium
1041 721 1156 781 sunm,
1171 719 1285 770 errore
1303 722 1361 790 pu·

352 807 441 877 blico
459 807 700 888 deformatum,
724 809 907 878 immutare
922 809 1080 878 voluerit.

396 920 541 982 Nutibus
566 914 735 984 damnatis
760 915 944 1003 dequibus
970 936 1067 1005 spem
1091 934 1253 1004 magnam
1278 935 1361 984 uon-

351 1029 487 1111 oeperat
500 1023 638 1102 auctor„
655 1023 705 1090 ira
724 1023 874 1111 primurn
900 1021 1025 1092 deinde
1045 1021 1213 1091 dubitatio
1236 1021 1362 1090 invasit

351 1132 425 1219 aius
452 1131 603 1198 animum
617 1154 626 1210 ;
652 1129 893 1200 labefactatum
921 1129 1088 1218 judicium
1117 1128 1210 1216 quod
1237 1128 1362 1196 fabulae

349 1235 525 1326 proposito
549 1236 741 1326 subjectum
762 1241 850 1315 erat;
874 1254 963 1304 nova
987 1237 1129 1304 crimina
1139 1234 1362 1304 retractandae

321 1351 326 1362 '
351 1342 516 1424 adhibita;
540 1343 629 1411 ultra
651 1344 798 1412 comicas
818 1343 977 1412 saevitum
999 1343 1093 1431 leges
1104 1365 1114 1422 ;
1137 1361 1361 1432 suppressum

351 1449 499 1538 deniquo
513 1471 600 1538 opus
616 1457 674 1518 ant
688 1451 735 1518 ita
747 1450 946 1538 neglectum
956 1455 993 1518 ut
1007 1451 1035 1539 ej
1041 1470 1081 1519 us
1094 1453 1227 1539 poetam
1253 1448 1362 1538 preni-

350 1556 458 1624 tuisse
474 1556 660 1624 verisimile
675 1558 729 1624 sit.

395 1663 490 1740 Quod
508 1683 550 1732 ox
566 1668 671 1744 Picti,
690 1664 821 1732 ultimae
835 1664 944 1732 nostri
969 1664 1109 1731 nomina
1124 1662 1225 1732 aditae
1239 1661 1363 1730 fahutae

351 1776 556 1860 argumento
570 1776 671 1859 atque
696 1770 944 1861 compositione
970 1771 1078 1858 magis
1104 1769 1219 1838 adhoc
1237 1771 1359 1838 elucet.

351 1878 473 1946 Mirum
489 1878 571 1946 satis
589 1876 695 1946 videri
710 1883 823 1967 potest
839 1877 947 1946 axilla
962 1877 1077 1946 fabula
1097 1898 1277 1946 censuram
1291 1898 1362 1946 om·

350 2003 431 2054 uem
457 2003 527 2052 non
552 1984 840 2072 philosophorum
870 1989 1005 2052 tautum
1033 1983 1096 2053 sed
1131 1985 1361 2073 sophistarum

350 2090 451 2158 etiam
464 2091 527 2177 qui¹
538 2089 581 2156 ad
597 2097 768 2177 quaestum
785 2089 1002 2178 disciplinam
1021 2111 1119 2160 suam
1139 2091 1361 2160 adolescenti·

302 2189 309 2204 “
349 2197 415 2265 bus
443 2196 635 2276 tradebant,
662 2215 739 2264 osse
766 2197 953 2266 exclusam.
971 2198 1103 2281 Nonne,
1123 2198 1153 2264 si
1173 2198 1208 2264 in
1229 2217 1269 2266 ea
1284 2197 1358 2285 api·
1386 2240 1389 2244 -

349 2305 453 2372 nione
488 2323 555 2392 qua
597 2303 705 2372 fretus
735 2304 850 2372 Nubes
878 2310 1082 2384 correxerat,
1112 2303 1361 2392 Aristophanes

350 2411 570 2490 constitisset,
590 2411 680 2478 ultro
705 2409 960 2498 quodammodo
987 2409 1102 2478 fabula
1121 2415 1216 2476 Ptoti
1230 2410 1359 2478 irrisio-

350 2536 430 2584 nem
450 2516 585 2586 divitias
606 2517 815 2606 captantium
832 2518 1022 2605 requirens,
1042 2517 1084 2586 ad
1109 2537 1168 2586 eos
1200 2518 1360 2588 homines

350 2623 583 2701 delabebatur,
600 2624 660 2710 qui
674 2629 756 2692 tunc
781 2643 839 2711 per
866 2623 1020 2692 civitates
1044 2644 1182 2712 graecas
1203 2625 1360 2694 mercede

349 2730 464 2819 ampla
491 2737 638 2818 accepta,
669 2730 874 2798 rhetoricam
902 2734 1011 2798 artem
1049 2735 1082 2798 et
1117 2731 1359 2819 corruptricem

349 2834 534 2923 quamdam
547 2836 749 2926 sapientiam
764 2834 956 2906 donabant?
975 2836 1066 2914 Quos
1082 2856 1122 2904 eo
1139 2838 1247 2926 magis
1262 2838 1297 2904 iu
1313 2837 1360 2906 fa·
1379 2895 1382 2898 .

350 2941 440 3010 hulae
469 2944 681 3031 propositum
714 2943 864 3012 comicus
891 2949 1130 3031 assumpturus
1150 2949 1233 3023 erat,
1267 2944 1360 3032 quod

350 3053 476 3130 ivatas,
507 3051 535 3117 si
565 3051 751 3130 voluisset,
779 3070 848 3118 non
880 3051 951 3139 jam
978 3055 1095 3138 posset
1128 3070 1240 3120 scenae
1264 3071 1358 3120 oom-

349 3158 496 3224 mittere.
528 3157 694 3246 Sophistis
721 3159 826 3246 igitur
852 3156 1023 3245 parcendo
1051 3178 1160 3244 quum
1194 3178 1249 3226 res
1287 3159 1360 3246 ipsa

350 3283 468 3332 eorum
489 3263 740 3350 ,expostulabat
774 3262 988 3342 irrisionem,
1021 3265 1185 3332 metuisse
1223 3263 1360 3332 videtur

348 3369 594 3456 Aristophanes
620 3387 664 3436 ne
683 3373 830 3436 Notium
857 3377 1038 3440 renovaret
1063 3370 1285 3450 memoriam,
1315 3390 1359 3439 ne

349 3474 493 3542 Socratis
523 3476 681 3565 cogitatio
709 3477 826 3564 paucis
855 3482 935 3544 ante
967 3477 1066 3546 annis
1092 3475 1261 3545 interiecti
1299 3498 1359 3546 su·-

350 3581 463 3650 biret?
920 3579 921 3584 ’

393 3688 480 3765 Quin
490 3688 559 3755 imo
570 3687 698 3754 uttimae
710 3655 813 3776 hrr'jus
825 3687 1000 3756 fabulaeab
1012 3689 1241 3778 Aristophane
1252 3688 1360 3757 doctae

349 3794 564 3884 compositio,
593 3794 851 3882 persuasionem
885 3796 1039 3884 suggerit
1078 3795 1266 3875 montibus
1301 3815 1360 3862 co-

349 3901 642 3981 mioumdemum,
664 3903 789 3971 relictis
824 3904 1005 3974 vetustatis
1031 3904 1206 3972 fautorum
1230 3903 1359 3972 ordini·

348 4010 424 4088 bus,
442 4011 606 4077 incastra
619 4008 937 4099 philosophantium
956 4011 1131 4080 transisse.
1149 4013 1199 4078 Ne
1228 4009 1358 4078 diutius

348 4117 384 4196 ip
400 4114 615 4186 sacerdotum
631 4115 798 4202 irrisione,
815 4117 858 4190 da.
871 4119 1016 4213 quajaro
1029 4122 1131 4190 wios
1150 4117 1258 4188 muta
1276 4136 1359 4212 prae·
