3156 5082
652 541 810 596 -l3l-

225 667 349 736 deinde
363 674 479 758 aperte
493 667 747 756 aggrederetur,
762 685 876 732 mores
892 666 1021 752 priscos
1036 687 1056 734 a
1070 667 1236 756 religione

212 757 363 864 'antiqua
380 775 583 864 segregavit,
600 792 835 862 qnossemper
860 771 981 840 iisdem
1008 773 1129 840 extulit
1163 775 1235 841 lau-

225 882 337 949 uibus.
354 880 611 970 superstitionis
631 879 735 947 simul
758 886 862 967 atque
878 879 1119 968 philosopbiae,
1136 883 1235 954 novus

225 989 377 1076 utrisque
402 987 525 1055 studiis
550 986 751 1055 adversatus
775 994 839 1066 est,
862 988 942 1075 quia
961 994 1142 1076 utramque
1158 1009 1233 1056 cor-

225 1094 425 1184 rumpendae
441 1094 522 1162 disci
528 1095 630 1184 plinae
642 1094 756 1162 favere
771 1094 927 1161 credidit.

267 1204 442 1291 lmpiusne
457 1202 520 1268 fuit
545 1201 791 1290 Aristophanes
806 1202 1069 1270 Atheniensium
1086 1202 1227 1292 judicie,

226 1331 294 1398 non
311 1323 429 1386 ὰσεειίας
441 1309 582 1398 quidem
595 1309 729 1376 crimini
745 1309 926 1389 obnoxius,
949 1309 1070 1376 sedita
1087 1315 1124 1376 ut
1143 1331 1236 1399 spec-

226 1423 353 1484 tatores
370 1417 627 1485 irreverentiam
654 1415 847 1482 fabularum
873 1416 1105 1504 intelligerent
1123 1418 1234 1484 etim-

226 1527 352 1614 pietata
368 1545 430 1593 sua
444 1530 671 1593 excusarent?
687 1523 847 1591 Perlectis
869 1524 991 1591 iterum
1013 1529 1236 1614 Aetheraque

226 1652 397 1701 summam
434 1632 674 1720 Aristophanei
705 1631 834 1719 ingenii
858 1631 1088 1700 maturitatem
1115 1653 1235 1720 praese

226 1740 350 1818 ferunt,
369 1760 438 1806 non
457 1759 598 1828 possum
614 1739 696 1825 quin
720 1738 921 1806 affirmando
948 1738 1188 1827 respondeam.

271 1849 399 1936 Impius
434 1846 537 1934 igitur
566 1852 781 1933 posterorum
796 1844 925 1934 jutlicio
944 1846 1008 1912 erit
1038 1845 1232 1926 habendus,

226 1963 260 2024 et
276 1954 445 2042 insignem
463 1953 554 2018 illius
572 1953 680 2018 aetatis
694 1953 728 2018 in
743 1953 910 2040 religiosis
927 1957 963 2018 ut
982 1952 1015 2017 in
1032 1953 1152 2020 ceteris
1166 1953 1235 2020 effi-

226 2063 314 2150 giem
337 2060 526 2148 expressit:
546 2060 590 2124 ita
608 2065 719 2126 tamen
738 2066 774 2124 ut
786 2058 943 2146 impietas
960 2058 1015 2124 illa
1030 2079 1090 2146 pro
1109 2060 1238 2148 perspi-

226 2170 316 2235 cacia
329 2174 362 2236 et
382 2167 549 2254 sapientia
576 2171 787 2244 numeretur,
806 2185 872 2253 qua
898 2166 1101 2253 Epicharmi,
1120 2167 1235 2233 Xeno-

228 2276 371 2364 phanis,
395 2275 540 2341 Socratis
566 2293 702 2360 quoque
728 2273 969 2340 venerantium
999 2273 1161 2360 temporis
1186 2274 1238 2340 sui

228 2382 351 2461 studia,
371 2381 596 2450 elaboraverit
613 2381 645 2445 in
663 2399 781 2468 opere,
802 2386 836 2446 et
858 2400 918 2468 pro
942 2399 1004 2446 sua
1022 2379 1109 2447 virili
1126 2385 1232 2468 parte,

228 2491 464 2558 rationabilem
482 2489 694 2578 religionem,
713 2489 869 2555 Asiaticis
884 2487 986 2554 simul
1004 2492 1038 2554 et
1051 2487 1235 2555 Hellenicis

228 2607 404 2688 purgatam
420 2597 603 2676 erroribus
622 2596 848 2664 constituerit.

272 2705 354 2785 Ouia
377 2705 509 2794 propria
530 2725 590 2770 sua
604 2703 816 2792 professione
837 2724 905 2768 non
920 2702 1030 2770 voluit
1051 2717 1085 2770 τὰ
1102 2713 1240 2772 σπουδαῖα

229 2813 363 2884 excludi
384 2811 564 2903 comoedia,
588 2812 711 2880 seriam
739 2811 828 2892 hanc
853 2810 974 2876 saltam
1001 2810 1237 2900 Aristophanei

229 2921 342 3009 operis
356 2925 487 3009 partem
503 2919 547 2987 sit
565 2918 663 2986 venia
676 2917 876 2984 illustrasse.

406 3259 469 3314 Vidi
484 3275 517 3312 ac
531 3256 650 3328 perlegi.

319 3380 410 3432 Latet.
426 3376 503 3432 Paris
528 3373 558 3428 in
573 3373 709 3438 Sarbena,

285 3509 324 3549 vn
344 3494 403 3548 kal.
424 3495 479 3546 oet.
496 3507 543 3544 an.
560 3503 738 3547 urcccnxxx.

230 3630 337 3686 Foruli.
354 3628 451 3683 latter.
467 3627 499 3680 ia
511 3623 594 3679 Accrl.
613 3624 699 3678 Paris.
713 3620 837 3684 decanos,

449 3745 479 3800 ll.
498 3741 653 3797 WALLON.

782 3951 788 3967 ι
804 3872 889 3945 Typis
904 3872 1063 3927 mandetur.

677 4017 832 4076 Academica
848 4017 1009 4071 herisiensis
1025 4015 1091 4070 Viae
1103 4016 1211 4084 Raetos,

889 4129 1034 4196 GREARD.
