<?xml version="1.0" encoding="UTF-8"?>
<!DOCTYPE html PUBLIC "-//W3C//DTD XHTML 1.0 Transitional//EN"
    "http://www.w3.org/TR/xhtml1/DTD/xhtml1-transitional.dtd">
<html xmlns="http://www.w3.org/1999/xhtml" xml:lang="en" lang="en">
 <head>
  <title>
</title>
<meta http-equiv="Content-Type" content="text/html;charset=utf-8" />
  <meta name='ocr-system' content='tesseract 3.04.00' />
  <meta name='ocr-capabilities' content='ocr_page ocr_carea ocr_par ocr_line ocrx_word'/>
</head>
<body>
  <div class='ocr_page' id='page_1' title='image "./aristophanesimp00hildgoog_0085.png"; bbox 0 0 3156 5082; ppageno 0'>
   <div class='ocr_carea' id='block_1_1' title="bbox 790 549 932 606">
    <p class='ocr_par' dir='ltr' id='par_1_1' title="bbox 790 549 932 606">
     <span class='ocr_line' id='line_1_1' title="bbox 790 549 932 606; baseline 0 -14"><span class='ocrx_word' id='word_1_1' title='bbox 790 549 932 606; x_wconf 77' lang='lat'><strong>..¹10-</strong></span> 
     </span>
    </p>
   </div>
   <div class='ocr_carea' id='block_1_2' title="bbox 354 673 1370 765">
    <p class='ocr_par' dir='ltr' id='par_1_2' title="bbox 354 673 1370 765">
     <span class='ocr_line' id='line_1_2' title="bbox 354 673 1370 765; baseline -0.004 -17"><span class='ocrx_word' id='word_1_2' title='bbox 354 683 450 748; x_wconf 83' lang='lat' dir='ltr'><strong>invto</strong></span> <span class='ocrx_word' id='word_1_3' title='bbox 461 683 547 748; x_wconf 81' lang='lat' dir='ltr'><strong>ciuis</strong></span> <span class='ocrx_word' id='word_1_4' title='bbox 562 677 731 757; x_wconf 80' lang='lat' dir='ltr'>visitasse,</span> <span class='ocrx_word' id='word_1_5' title='bbox 750 675 941 765; x_wconf 85' lang='lat' dir='ltr'><strong>Theseique</strong></span> <span class='ocrx_word' id='word_1_6' title='bbox 958 673 1039 744; x_wconf 90' lang='lat' dir='ltr'><strong>inde</strong></span> <span class='ocrx_word' id='word_1_7' title='bbox 1054 673 1272 745; x_wconf 70' lang='lat' dir='ltr'><strong>liberatorem</strong></span> <span class='ocrx_word' id='word_1_8' title='bbox 1288 695 1370 745; x_wconf 87' lang='lat' dir='ltr'><strong>eva-</strong></span> 
     </span>
    </p>
   </div>
   <div class='ocr_carea' id='block_1_3' title="bbox 353 791 1371 2394">
    <p class='ocr_par' dir='ltr' id='par_1_3' title="bbox 353 791 1371 1744">
     <span class='ocr_line' id='line_1_3' title="bbox 353 791 1370 881; baseline -0.005 -16"><span class='ocrx_word' id='word_1_9' title='bbox 353 797 439 865; x_wconf 92' lang='lat' dir='ltr'><strong>sisse</strong></span> <span class='ocrx_word' id='word_1_10' title='bbox 457 800 481 864; x_wconf 90' lang='lat'><strong>¹.</strong></span> <span class='ocrx_word' id='word_1_11' title='bbox 499 794 653 864; x_wconf 88' lang='lat' dir='ltr'><strong>Herculis</strong></span> <span class='ocrx_word' id='word_1_12' title='bbox 669 793 949 862; x_wconf 77' lang='lat' dir='ltr'><strong>commemoratio</strong></span> <span class='ocrx_word' id='word_1_13' title='bbox 978 813 1047 860; x_wconf 93' lang='lat' dir='ltr'><strong>nou</strong></span> <span class='ocrx_word' id='word_1_14' title='bbox 1064 791 1176 881; x_wconf 92' lang='lat' dir='ltr'><strong>potuit</strong></span> <span class='ocrx_word' id='word_1_15' title='bbox 1189 793 1272 880; x_wconf 86' lang='lat' dir='ltr'><strong>quin</strong></span> <span class='ocrx_word' id='word_1_16' title='bbox 1291 793 1370 860; x_wconf 84' lang='lat' dir='ltr'><strong>Bec-</strong></span> 
     </span>
     <span class='ocr_line' id='line_1_4' title="bbox 354 899 1371 988; baseline -0.004 -16"><span class='ocrx_word' id='word_1_17' title='bbox 354 905 458 973; x_wconf 86' lang='lat' dir='ltr'><strong>chum</strong></span> <span class='ocrx_word' id='word_1_18' title='bbox 478 901 704 971; x_wconf 89' lang='lat' dir='ltr'><strong>similitudina</strong></span> <span class='ocrx_word' id='word_1_19' title='bbox 721 899 869 988; x_wconf 88' lang='lat' dir='ltr'><strong>quadam</strong></span> <span class='ocrx_word' id='word_1_20' title='bbox 889 899 1030 988; x_wconf 82' lang='lat' dir='ltr'><strong>originis</strong></span> <span class='ocrx_word' id='word_1_21' title='bbox 1050 906 1084 968; x_wconf 91' lang='lat' dir='ltr'><strong>et</strong></span> <span class='ocrx_word' id='word_1_22' title='bbox 1113 899 1238 968; x_wconf 85' lang='lat' dir='ltr'><strong>divinae</strong></span> <span class='ocrx_word' id='word_1_23' title='bbox 1255 901 1371 969; x_wconf 90' lang='lat' dir='ltr'><strong>condi-</strong></span> 
     </span>
     <span class='ocr_line' id='line_1_5' title="bbox 355 1006 1370 1097; baseline -0.004 -17"><span class='ocrx_word' id='word_1_24' title='bbox 355 1012 457 1080; x_wconf 88' lang='lat' dir='ltr'><strong>tionis</strong></span> <span class='ocrx_word' id='word_1_25' title='bbox 470 1009 565 1078; x_wconf 84' lang='lat' dir='ltr'><strong>fratri</strong></span> <span class='ocrx_word' id='word_1_26' title='bbox 581 1006 849 1097; x_wconf 87' lang='lat' dir='ltr'><strong>comparandum</strong></span> <span class='ocrx_word' id='word_1_27' title='bbox 868 1011 881 1054; x_wconf 71' lang='lat'><strong>2</strong></span> <span class='ocrx_word' id='word_1_28' title='bbox 901 1014 1069 1087; x_wconf 77' lang='lat' dir='ltr'><strong>avocaret,</strong></span> <span class='ocrx_word' id='word_1_29' title='bbox 1093 1007 1370 1076; x_wconf 81' lang='lat' dir='ltr'><strong>comoediaealio·</strong></span> 
     </span>
     <span class='ocr_line' id='line_1_6' title="bbox 353 1115 1364 1207; baseline -0.002 -21"><span class='ocrx_word' id='word_1_30' title='bbox 353 1117 435 1207; x_wconf 86' lang='lat' dir='ltr'><strong>quin</strong></span> <span class='ocrx_word' id='word_1_31' title='bbox 448 1124 595 1186; x_wconf 89' lang='lat' dir='ltr'><strong>tutorem</strong></span> <span class='ocrx_word' id='word_1_32' title='bbox 610 1122 643 1185; x_wconf 90' lang='lat' dir='ltr'><strong>et</strong></span> <span class='ocrx_word' id='word_1_33' title='bbox 655 1115 831 1206; x_wconf 90' lang='lat' dir='ltr'><strong>proprium</strong></span> <span class='ocrx_word' id='word_1_34' title='bbox 851 1115 971 1183; x_wconf 89' lang='lat' dir='ltr'><strong>comici</strong></span> <span class='ocrx_word' id='word_1_35' title='bbox 991 1115 1186 1183; x_wconf 80' lang='lat' dir='ltr'><strong>certaminis</strong></span> <span class='ocrx_word' id='word_1_36' title='bbox 1199 1115 1364 1205; x_wconf 88' lang='lat' dir='ltr'><strong>judicem.</strong></span> 
     </span>
     <span class='ocr_line' id='line_1_7' title="bbox 354 1222 1369 1315; baseline -0.003 -22"><span class='ocrx_word' id='word_1_37' title='bbox 354 1227 443 1304; x_wconf 84' lang='lat' dir='ltr'><strong>Quas</strong></span> <span class='ocrx_word' id='word_1_38' title='bbox 466 1230 580 1315; x_wconf 89' lang='lat' dir='ltr'><strong>partes</strong></span> <span class='ocrx_word' id='word_1_39' title='bbox 607 1223 770 1292; x_wconf 88' lang='lat' dir='ltr'><strong>Hercules</strong></span> <span class='ocrx_word' id='word_1_40' title='bbox 799 1243 868 1291; x_wconf 90' lang='lat' dir='ltr'><strong>non</strong></span> <span class='ocrx_word' id='word_1_41' title='bbox 901 1222 998 1291; x_wconf 88' lang='lat' dir='ltr'><strong>facile</strong></span> <span class='ocrx_word' id='word_1_42' title='bbox 1019 1228 1243 1312; x_wconf 89' lang='lat' dir='ltr'><strong>suscepturus</strong></span> <span class='ocrx_word' id='word_1_43' title='bbox 1260 1222 1369 1291; x_wconf 86' lang='lat' dir='ltr'><strong>fuisse</strong></span> 
     </span>
     <span class='ocr_line' id='line_1_8' title="bbox 354 1329 1368 1420; baseline -0.003 -18"><span class='ocrx_word' id='word_1_44' title='bbox 354 1333 501 1402; x_wconf 90' lang='lat' dir='ltr'><strong>videtur.</strong></span> <span class='ocrx_word' id='word_1_45' title='bbox 516 1333 633 1420; x_wconf 85' lang='lat' dir='ltr'><strong>Neque</strong></span> <span class='ocrx_word' id='word_1_46' title='bbox 653 1330 795 1400; x_wconf 88' lang='lat' dir='ltr'><strong>deerant</strong></span> <span class='ocrx_word' id='word_1_47' title='bbox 814 1337 1016 1420; x_wconf 84' lang='lat' dir='ltr'><strong>argumenta</strong></span> <span class='ocrx_word' id='word_1_48' title='bbox 1032 1329 1158 1418; x_wconf 89' lang='lat' dir='ltr'><strong>quihus</strong></span> <span class='ocrx_word' id='word_1_49' title='bbox 1175 1331 1368 1400; x_wconf 85' lang='lat' dir='ltr'><strong>Eleusinio-</strong></span> 
     </span>
     <span class='ocr_line' id='line_1_9' title="bbox 354 1438 1368 1527; baseline -0.003 -19"><span class='ocrx_word' id='word_1_50' title='bbox 354 1462 431 1509; x_wconf 92' lang='lat' dir='ltr'><strong>rnm</strong></span> <span class='ocrx_word' id='word_1_51' title='bbox 459 1439 704 1508; x_wconf 83' lang='lat' dir='ltr'><strong>imitandorum</strong></span> <span class='ocrx_word' id='word_1_52' title='bbox 736 1439 919 1508; x_wconf 90' lang='lat' dir='ltr'><strong>consilium</strong></span> <span class='ocrx_word' id='word_1_53' title='bbox 947 1442 1047 1527; x_wconf 89' lang='lat' dir='ltr'><strong>poeta</strong></span> <span class='ocrx_word' id='word_1_54' title='bbox 1064 1458 1134 1506; x_wconf 92' lang='lat' dir='ltr'><strong>non</strong></span> <span class='ocrx_word' id='word_1_55' title='bbox 1157 1438 1272 1506; x_wconf 89' lang='lat' dir='ltr'><strong>solum</strong></span> <span class='ocrx_word' id='word_1_56' title='bbox 1297 1459 1368 1506; x_wconf 92' lang='lat' dir='ltr'><strong>non</strong></span> 
     </span>
     <span class='ocr_line' id='line_1_10' title="bbox 355 1545 1369 1638; baseline 0.001 -23"><span class='ocrx_word' id='word_1_57' title='bbox 355 1547 533 1637; x_wconf 90' lang='lat' dir='ltr'><strong>respuerit,</strong></span> <span class='ocrx_word' id='word_1_58' title='bbox 552 1546 613 1615; x_wconf 90' lang='lat' dir='ltr'><strong>sed</strong></span> <span class='ocrx_word' id='word_1_59' title='bbox 626 1569 705 1614; x_wconf 92' lang='lat' dir='ltr'><strong>cum</strong></span> <span class='ocrx_word' id='word_1_60' title='bbox 719 1547 840 1616; x_wconf 87' lang='lat' dir='ltr'><strong>ardore</strong></span> <span class='ocrx_word' id='word_1_61' title='bbox 853 1545 1003 1635; x_wconf 88' lang='lat' dir='ltr'><strong>quodam</strong></span> <span class='ocrx_word' id='word_1_62' title='bbox 1020 1548 1146 1615; x_wconf 87' lang='lat' dir='ltr'><strong>urentis</strong></span> <span class='ocrx_word' id='word_1_63' title='bbox 1160 1554 1193 1615; x_wconf 92' lang='lat' dir='ltr'><strong>et</strong></span> <span class='ocrx_word' id='word_1_64' title='bbox 1208 1547 1369 1638; x_wconf 88' lang='lat' dir='ltr'><strong>cupidine</strong></span> 
     </span>
     <span class='ocr_line' id='line_1_11' title="bbox 354 1655 692 1744; baseline -0.003 -22"><span class='ocrx_word' id='word_1_65' title='bbox 354 1655 457 1724; x_wconf 86' lang='lat' dir='ltr'><strong>fuerit</strong></span> <span class='ocrx_word' id='word_1_66' title='bbox 471 1655 649 1744; x_wconf 90' lang='lat' dir='ltr'><strong>amplexus</strong></span> <span class='ocrx_word' id='word_1_67' title='bbox 666 1665 692 1721; x_wconf 77' lang='lat'><strong>³.</strong></span> 
     </span>
    </p>

    <p class='ocr_par' dir='ltr' id='par_1_4' title="bbox 355 1762 1371 2394">
     <span class='ocr_line' id='line_1_12' title="bbox 399 1762 1370 1852; baseline 0 -20"><span class='ocrx_word' id='word_1_68' title='bbox 399 1762 638 1852; x_wconf 83' lang='lat' dir='ltr'><strong>Superioribus</strong></span> <span class='ocrx_word' id='word_1_69' title='bbox 654 1763 766 1842; x_wconf 88' lang='lat' dir='ltr'><strong>annis,</strong></span> <span class='ocrx_word' id='word_1_70' title='bbox 785 1767 923 1852; x_wconf 91' lang='lat' dir='ltr'><strong>propter</strong></span> <span class='ocrx_word' id='word_1_71' title='bbox 949 1764 1192 1850; x_wconf 76' lang='lat' dir='ltr'><strong>Spartanorum</strong></span> <span class='ocrx_word' id='word_1_72' title='bbox 1220 1763 1370 1832; x_wconf 87' lang='lat' dir='ltr'><strong>incursa·</strong></span> 
     </span>
     <span class='ocr_line' id='line_1_13' title="bbox 356 1869 1371 1960; baseline -0.001 -21"><span class='ocrx_word' id='word_1_73' title='bbox 356 1873 479 1950; x_wconf 90' lang='lat' dir='ltr'><strong>tiones,</strong></span> <span class='ocrx_word' id='word_1_74' title='bbox 499 1891 624 1960; x_wconf 87' lang='lat' dir='ltr'><strong>pompa</strong></span> <span class='ocrx_word' id='word_1_75' title='bbox 640 1871 805 1938; x_wconf 88' lang='lat' dir='ltr'><strong>solemnis</strong></span> <span class='ocrx_word' id='word_1_76' title='bbox 828 1892 868 1939; x_wconf 88' lang='lat' dir='ltr'><strong>ex</strong></span> <span class='ocrx_word' id='word_1_77' title='bbox 889 1870 973 1939; x_wconf 88' lang='lat' dir='ltr'><strong>urhe</strong></span> <span class='ocrx_word' id='word_1_78' title='bbox 987 1869 1030 1936; x_wconf 88' lang='lat' dir='ltr'><strong>ad</strong></span> <span class='ocrx_word' id='word_1_79' title='bbox 1047 1870 1196 1938; x_wconf 87' lang='lat' dir='ltr'><strong>Eleusim</strong></span> <span class='ocrx_word' id='word_1_80' title='bbox 1219 1873 1371 1940; x_wconf 83' lang='lat' dir='ltr'><strong>terrestri</strong></span> 
     </span>
     <span class='ocr_line' id='line_1_14' title="bbox 355 1977 1369 2066; baseline 0.002 -20"><span class='ocrx_word' id='word_1_81' title='bbox 355 1979 409 2046; x_wconf 90' lang='lat' dir='ltr'><strong>via</strong></span> <span class='ocrx_word' id='word_1_82' title='bbox 433 1996 536 2065; x_wconf 88' lang='lat' dir='ltr'><strong>quam</strong></span> <span class='ocrx_word' id='word_1_83' title='bbox 557 1977 901 2065; x_wconf 80' lang='lat' dir='ltr'><strong>perageresolehaot,</strong></span> <span class='ocrx_word' id='word_1_84' title='bbox 921 1977 1092 2045; x_wconf 87' lang='lat' dir='ltr'><strong>maritimo</strong></span> <span class='ocrx_word' id='word_1_85' title='bbox 1119 1978 1269 2066; x_wconf 89' lang='lat' dir='ltr'><strong>primum</strong></span> <span class='ocrx_word' id='word_1_86' title='bbox 1302 1982 1369 2048; x_wconf 90' lang='lat' dir='ltr'><strong>cir-</strong></span> 
     </span>
     <span class='ocr_line' id='line_1_15' title="bbox 355 2083 1369 2172; baseline 0.003 -19"><span class='ocrx_word' id='word_1_87' title='bbox 355 2083 607 2164; x_wconf 89' lang='lat' dir='ltr'><strong>cuitu,deinde,</strong></span> <span class='ocrx_word' id='word_1_88' title='bbox 630 2089 708 2172; x_wconf 88' lang='lat' dir='ltr'><strong>post</strong></span> <span class='ocrx_word' id='word_1_89' title='bbox 718 2083 901 2151; x_wconf 85' lang='lat' dir='ltr'><strong>Alcibiadis</strong></span> <span class='ocrx_word' id='word_1_90' title='bbox 913 2085 1072 2165; x_wconf 88' lang='lat' dir='ltr'><strong>reditum,</strong></span> <span class='ocrx_word' id='word_1_91' title='bbox 1086 2085 1175 2154; x_wconf 90' lang='lat' dir='ltr'><strong>inter</strong></span> <span class='ocrx_word' id='word_1_92' title='bbox 1187 2087 1369 2156; x_wconf 87' lang='lat' dir='ltr'><strong>militarem</strong></span> 
     </span>
     <span class='ocr_line' id='line_1_16' title="bbox 355 2191 1369 2284; baseline 0.005 -24"><span class='ocrx_word' id='word_1_93' title='bbox 355 2198 555 2283; x_wconf 87' lang='lat' dir='ltr'><strong>apparatum</strong></span> <span class='ocrx_word' id='word_1_94' title='bbox 571 2199 674 2280; x_wconf 87' lang='lat' dir='ltr'><strong>atquc</strong></span> <span class='ocrx_word' id='word_1_95' title='bbox 689 2191 845 2273; x_wconf 88' lang='lat' dir='ltr'><strong>tutelam,</strong></span> <span class='ocrx_word' id='word_1_96' title='bbox 858 2193 1011 2262; x_wconf 89' lang='lat' dir='ltr'><strong>hostium</strong></span> <span class='ocrx_word' id='word_1_97' title='bbox 1028 2193 1127 2261; x_wconf 91' lang='lat' dir='ltr'><strong>turha</strong></span> <span class='ocrx_word' id='word_1_98' title='bbox 1147 2213 1187 2262; x_wconf 87' lang='lat' dir='ltr'><strong>ex</strong></span> <span class='ocrx_word' id='word_1_99' title='bbox 1203 2197 1369 2284; x_wconf 86' lang='lat' dir='ltr'><strong>proximis</strong></span> 
     </span>
     <span class='ocr_line' id='line_1_17' title="bbox 355 2285 1368 2394; baseline 0.006 -27"><span class='ocrx_word' id='word_1_100' title='bbox 355 2300 500 2370; x_wconf 86' lang='lat' dir='ltr'><strong>collibus¹</strong></span> <span class='ocrx_word' id='word_1_101' title='bbox 520 2285 746 2390; x_wconf 86' lang='lat' dir='ltr'><strong>inspectante,</strong></span> <span class='ocrx_word' id='word_1_102' title='bbox 764 2299 932 2369; x_wconf 87' lang='lat' dir='ltr'><strong>celebrata</strong></span> <span class='ocrx_word' id='word_1_103' title='bbox 949 2301 1060 2370; x_wconf 82' lang='lat' dir='ltr'><strong>fuerat</strong></span> <span class='ocrx_word' id='word_1_104' title='bbox 1076 2301 1102 2369; x_wconf 75' lang='lat' dir='ltr'><strong>l.</strong></span> <span class='ocrx_word' id='word_1_105' title='bbox 1121 2303 1253 2380; x_wconf 87' lang='lat' dir='ltr'><strong>Quanta</strong></span> <span class='ocrx_word' id='word_1_106' title='bbox 1270 2325 1368 2394; x_wconf 89' lang='lat' dir='ltr'><strong>spec-</strong></span> 
     </span>
    </p>
   </div>
   <div class='ocr_carea' id='block_1_4' title="bbox 268 2408 1370 2489">
    <p class='ocr_par' dir='ltr' id='par_1_5' title="bbox 268 2408 1370 2489">
     <span class='ocr_line' id='line_1_18' title="bbox 268 2408 1370 2489; baseline 0.003 -11"><span class='ocrx_word' id='word_1_107' title='bbox 268 2473 270 2478; x_wconf 89' lang='lat'><em>.</em></span> <span class='ocrx_word' id='word_1_108' title='bbox 356 2413 505 2476; x_wconf 87' lang='lat' dir='ltr'><strong>latorum</strong></span> <span class='ocrx_word' id='word_1_109' title='bbox 539 2408 720 2477; x_wconf 86' lang='lat' dir='ltr'><strong>delectatio</strong></span> <span class='ocrx_word' id='word_1_110' title='bbox 745 2408 859 2476; x_wconf 88' lang='lat' dir='ltr'><strong>futura</strong></span> <span class='ocrx_word' id='word_1_111' title='bbox 885 2416 970 2489; x_wconf 80' lang='lat' dir='ltr'><strong>erat,</strong></span> <span class='ocrx_word' id='word_1_112' title='bbox 997 2410 1024 2478; x_wconf 89' lang='lat' dir='ltr'><strong>si</strong></span> <span class='ocrx_word' id='word_1_113' title='bbox 1046 2411 1129 2478; x_wconf 87' lang='lat' dir='ltr'><strong>artis</strong></span> <span class='ocrx_word' id='word_1_114' title='bbox 1149 2412 1311 2481; x_wconf 86' lang='lat' dir='ltr'><strong>miraculo</strong></span> <span class='ocrx_word' id='word_1_115' title='bbox 1336 2422 1370 2481; x_wconf 91' lang='lat' dir='ltr'><strong>et</strong></span> 
     </span>
    </p>
   </div>
   <div class='ocr_carea' id='block_1_5' title="bbox 353 2514 1370 3456">
    <p class='ocr_par' dir='ltr' id='par_1_6' title="bbox 353 2514 1370 3456">
     <span class='ocr_line' id='line_1_19' title="bbox 353 2514 1370 2610; baseline 0.005 -26"><span class='ocrx_word' id='word_1_116' title='bbox 353 2514 447 2584; x_wconf 88' lang='lat' dir='ltr'><strong>salva</strong></span> <span class='ocrx_word' id='word_1_117' title='bbox 470 2517 606 2604; x_wconf 88' lang='lat' dir='ltr'><strong>pietate,</strong></span> <span class='ocrx_word' id='word_1_118' title='bbox 625 2516 872 2605; x_wconf 84' lang='lat' dir='ltr'><strong>Aristophanes</strong></span> <span class='ocrx_word' id='word_1_119' title='bbox 896 2518 930 2583; x_wconf 91' lang='lat' dir='ltr'><strong>in</strong></span> <span class='ocrx_word' id='word_1_120' title='bbox 948 2519 1082 2586; x_wconf 86' lang='lat' dir='ltr'><strong>theatro</strong></span> <span class='ocrx_word' id='word_1_121' title='bbox 1109 2519 1201 2587; x_wconf 91' lang='lat' dir='ltr'><strong>illius</strong></span> <span class='ocrx_word' id='word_1_122' title='bbox 1234 2541 1370 2610; x_wconf 76' lang='lat' dir='ltr'><strong>pompae</strong></span> 
     </span>
     <span class='ocr_line' id='line_1_20' title="bbox 355 2623 1369 2710; baseline 0.007 -22"><span class='ocrx_word' id='word_1_123' title='bbox 355 2623 542 2710; x_wconf 83' lang='lat' dir='ltr'><strong>imaginem</strong></span> <span class='ocrx_word' id='word_1_124' title='bbox 563 2628 679 2710; x_wconf 88' lang='lat' dir='ltr'><strong>posset</strong></span> <span class='ocrx_word' id='word_1_125' title='bbox 699 2623 901 2692; x_wconf 89' lang='lat' dir='ltr'><strong>restituerat</strong></span> <span class='ocrx_word' id='word_1_126' title='bbox 930 2625 1052 2693; x_wconf 92' lang='lat' dir='ltr'><strong>Nonne</strong></span> <span class='ocrx_word' id='word_1_127' title='bbox 1083 2625 1192 2694; x_wconf 85' lang='lat' dir='ltr'><strong>audax</strong></span> <span class='ocrx_word' id='word_1_128' title='bbox 1224 2629 1369 2695; x_wconf 89' lang='lat' dir='ltr'><strong>nimium</strong></span> 
     </span>
     <span class='ocr_line' id='line_1_21' title="bbox 354 2727 1369 2823; baseline 0.008 -29"><span class='ocrx_word' id='word_1_129' title='bbox 354 2747 415 2816; x_wconf 90' lang='lat' dir='ltr'><strong>pro</strong></span> <span class='ocrx_word' id='word_1_130' title='bbox 433 2727 498 2794; x_wconf 85' lang='lat' dir='ltr'><strong>aliu</strong></span> <span class='ocrx_word' id='word_1_131' title='bbox 525 2733 728 2817; x_wconf 87' lang='lat' dir='ltr'><strong>tempestate</strong></span> <span class='ocrx_word' id='word_1_132' title='bbox 753 2728 892 2798; x_wconf 87' lang='lat' dir='ltr'><strong>libertas</strong></span> <span class='ocrx_word' id='word_1_133' title='bbox 912 2737 946 2799; x_wconf 90' lang='lat' dir='ltr'><strong>et</strong></span> <span class='ocrx_word' id='word_1_134' title='bbox 972 2733 1007 2798; x_wconf 92' lang='lat' dir='ltr'><strong>iu</strong></span> <span class='ocrx_word' id='word_1_135' title='bbox 1034 2753 1153 2802; x_wconf 89' lang='lat' dir='ltr'><strong>secura</strong></span> <span class='ocrx_word' id='word_1_136' title='bbox 1182 2755 1264 2823; x_wconf 90' lang='lat' dir='ltr'><strong>pace</strong></span> <span class='ocrx_word' id='word_1_137' title='bbox 1280 2737 1369 2804; x_wconf 86' lang='lat' dir='ltr'><strong>invi-</strong></span> 
     </span>
     <span class='ocr_line' id='line_1_22' title="bbox 354 2832 1370 2927; baseline 0.013 -28"><span class='ocrx_word' id='word_1_138' title='bbox 354 2832 447 2902; x_wconf 89' lang='lat' dir='ltr'><strong>diam</strong></span> <span class='ocrx_word' id='word_1_139' title='bbox 474 2835 668 2914; x_wconf 90' lang='lat' dir='ltr'><strong>inceusura,</strong></span> <span class='ocrx_word' id='word_1_140' title='bbox 695 2836 853 2924; x_wconf 88' lang='lat' dir='ltr'><strong>plausum</strong></span> <span class='ocrx_word' id='word_1_141' title='bbox 880 2839 972 2927; x_wconf 90' lang='lat' dir='ltr'><strong>apud</strong></span> <span class='ocrx_word' id='word_1_142' title='bbox 1006 2840 1247 2926; x_wconf 69' lang='lat' dir='ltr'><strong>Athenienses</strong></span> <span class='ocrx_word' id='word_1_143' title='bbox 1274 2851 1370 2912; x_wconf 85' lang='lat' dir='ltr'><strong>tanta</strong></span> 
     </span>
     <span class='ocr_line' id='line_1_23' title="bbox 354 2941 1369 3040; baseline 0.012 -32"><span class='ocrx_word' id='word_1_144' title='bbox 354 2943 519 3009; x_wconf 87' lang='lat' dir='ltr'><strong>memoria</strong></span> <span class='ocrx_word' id='word_1_145' title='bbox 548 2941 662 3011; x_wconf 90' lang='lat' dir='ltr'><strong>adhuc</strong></span> <span class='ocrx_word' id='word_1_146' title='bbox 689 2951 903 3028; x_wconf 88' lang='lat' dir='ltr'><strong>commotos,</strong></span> <span class='ocrx_word' id='word_1_147' title='bbox 931 2945 1096 3035; x_wconf 87' lang='lat' dir='ltr'><strong>adeptura</strong></span> <span class='ocrx_word' id='word_1_148' title='bbox 1119 2955 1213 3018; x_wconf 78' lang='lat' dir='ltr'><strong>erat?</strong></span> <span class='ocrx_word' id='word_1_149' title='bbox 1238 2952 1276 3018; x_wconf 90' lang='lat' dir='ltr'><strong>ln</strong></span> <span class='ocrx_word' id='word_1_150' title='bbox 1301 2973 1369 3040; x_wconf 88' lang='lat' dir='ltr'><strong>quo</strong></span> 
     </span>
     <span class='ocr_line' id='line_1_24' title="bbox 355 3047 1368 3142; baseline 0.015 -29"><span class='ocrx_word' id='word_1_151' title='bbox 355 3067 422 3114; x_wconf 91' lang='lat' dir='ltr'><strong>non</strong></span> <span class='ocrx_word' id='word_1_152' title='bbox 453 3047 573 3117; x_wconf 88' lang='lat' dir='ltr'><strong>fefellit</strong></span> <span class='ocrx_word' id='word_1_153' title='bbox 610 3050 876 3139; x_wconf 82' lang='lat' dir='ltr'><strong>Aristophanem</strong></span> <span class='ocrx_word' id='word_1_154' title='bbox 902 3054 1030 3142; x_wconf 80' lang='lat' dir='ltr'><strong>ingenii</strong></span> <span class='ocrx_word' id='word_1_155' title='bbox 1064 3056 1253 3125; x_wconf 87' lang='lat' dir='ltr'><strong>felicissimi</strong></span> <span class='ocrx_word' id='word_1_156' title='bbox 1287 3080 1368 3127; x_wconf 87' lang='lat' dir='ltr'><strong>acu-</strong></span> 
     </span>
     <span class='ocr_line' id='line_1_25' title="bbox 354 3157 1366 3248; baseline 0.014 -27"><span class='ocrx_word' id='word_1_157' title='bbox 354 3175 452 3237; x_wconf 89' lang='lat' dir='ltr'><strong>men,</strong></span> <span class='ocrx_word' id='word_1_158' title='bbox 479 3157 605 3246; x_wconf 87' lang='lat' dir='ltr'><strong>quippe</strong></span> <span class='ocrx_word' id='word_1_159' title='bbox 627 3159 746 3238; x_wconf 75' lang='lat' dir='ltr'><strong>trena,</strong></span> <span class='ocrx_word' id='word_1_160' title='bbox 776 3178 877 3226; x_wconf 87' lang='lat' dir='ltr'><strong>aurea</strong></span> <span class='ocrx_word' id='word_1_161' title='bbox 899 3162 1048 3248; x_wconf 88' lang='lat' dir='ltr'><strong>primum</strong></span> <span class='ocrx_word' id='word_1_162' title='bbox 1075 3185 1200 3232; x_wconf 89' lang='lat' dir='ltr'><strong>corona</strong></span> <span class='ocrx_word' id='word_1_163' title='bbox 1230 3167 1366 3236; x_wconf 89' lang='lat' dir='ltr'><strong>donatae</strong></span> 
     </span>
     <span class='ocr_line' id='line_1_26' title="bbox 354 3261 1368 3352; baseline 0.016 -25"><span class='ocrx_word' id='word_1_164' title='bbox 354 3261 597 3351; x_wconf 87' lang='lat' dir='ltr'><strong>ajudioihus,</strong></span> <span class='ocrx_word' id='word_1_165' title='bbox 636 3264 736 3352; x_wconf 88' lang='lat' dir='ltr'><strong>paulo</strong></span> <span class='ocrx_word' id='word_1_166' title='bbox 773 3271 851 3352; x_wconf 87' lang='lat' dir='ltr'><strong>post</strong></span> <span class='ocrx_word' id='word_1_167' title='bbox 893 3269 1058 3337; x_wconf 90' lang='lat' dir='ltr'><strong>unanimo</strong></span> <span class='ocrx_word' id='word_1_168' title='bbox 1092 3271 1218 3340; x_wconf 81' lang='lat' dir='ltr'><strong>ciuium</strong></span> <span class='ocrx_word' id='word_1_169' title='bbox 1254 3276 1368 3342; x_wconf 89' lang='lat' dir='ltr'><strong>studio</strong></span> 
     </span>
     <span class='ocr_line' id='line_1_27' title="bbox 355 3359 1366 3456; baseline 0.02 -24"><span class='ocrx_word' id='word_1_170' title='bbox 355 3373 477 3456; x_wconf 90' lang='lat' dir='ltr'><strong>praeter</strong></span> <span class='ocrx_word' id='word_1_171' title='bbox 516 3369 802 3438; x_wconf 86' lang='lat' dir='ltr'><strong>consuetudinem</strong></span> <span class='ocrx_word' id='word_1_172' title='bbox 849 3373 883 3439; x_wconf 86' lang='lat' dir='ltr'><strong>in</strong></span> <span class='ocrx_word' id='word_1_173' title='bbox 922 3359 1058 3444; x_wconf 85' lang='lat' dir='ltr'><strong>scenam</strong></span> <span class='ocrx_word' id='word_1_174' title='bbox 1093 3388 1260 3450; x_wconf 77' lang='lat' dir='ltr'><strong>revocatae</strong></span> <span class='ocrx_word' id='word_1_175' title='bbox 1295 3384 1366 3450; x_wconf 88' lang='lat' dir='ltr'><strong>iue-</strong></span> 
     </span>
    </p>
   </div>
   <div class='ocr_carea' id='block_1_6' title="bbox 331 3582 1371 4304">
    <p class='ocr_par' dir='ltr' id='par_1_7' title="bbox 386 3582 1368 3658">
     <span class='ocr_line' id='line_1_28' title="bbox 386 3582 1368 3658; baseline 0.016 -27"><span class='ocrx_word' id='word_1_176' title='bbox 386 3582 395 3616; x_wconf 95' lang='lat'>¹</span> <span class='ocrx_word' id='word_1_177' title='bbox 414 3586 448 3632; x_wconf 84' lang='lat' dir='ltr'><strong>lle</strong></span> <span class='ocrx_word' id='word_1_178' title='bbox 466 3584 570 3634; x_wconf 86' lang='lat' dir='ltr'><strong>llarculc</strong></span> <span class='ocrx_word' id='word_1_179' title='bbox 590 3587 687 3636; x_wconf 88' lang='lat' dir='ltr'><strong>initiato</strong></span> <span class='ocrx_word' id='word_1_180' title='bbox 709 3589 879 3650; x_wconf 81' lang='lat' dir='ltr'><strong>cogitaverunt</strong></span> <span class='ocrx_word' id='word_1_181' title='bbox 895 3594 992 3650; x_wconf 71' lang='lat' dir='ltr'><strong>Euam,</strong></span> <span class='ocrx_word' id='word_1_182' title='bbox 1013 3597 1084 3642; x_wconf 84' lang='lat' dir='ltr'><strong>Herc.</strong></span> <span class='ocrx_word' id='word_1_183' title='bbox 1104 3594 1168 3658; x_wconf 37' lang='lat' dir='ltr'><strong>fari,</strong></span> <span class='ocrx_word' id='word_1_184' title='bbox 1194 3601 1252 3654; x_wconf 74' lang='lat'><strong>6133</strong></span> <span class='ocrx_word' id='word_1_185' title='bbox 1279 3601 1368 3655; x_wconf 68' lang='lat' dir='ltr'><strong>thare,</strong></span> 
     </span>
    </p>

    <p class='ocr_par' dir='ltr' id='par_1_8' title="bbox 353 3664 1368 3740">
     <span class='ocr_line' id='line_1_29' title="bbox 353 3664 1368 3740; baseline 0.017 -30"><span class='ocrx_word' id='word_1_186' title='bbox 353 3664 464 3721; x_wconf 72' lang='lat' dir='ltr'><strong>datach..</strong></span> <span class='ocrx_word' id='word_1_187' title='bbox 479 3669 520 3714; x_wconf 85' lang='grc'><strong>371</strong></span> <span class='ocrx_word' id='word_1_188' title='bbox 533 3683 539 3724; x_wconf 87' lang='lat'><strong>;</strong></span> <span class='ocrx_word' id='word_1_189' title='bbox 556 3669 586 3714; x_wconf 91' lang='lat' dir='ltr'><strong>do</strong></span> <span class='ocrx_word' id='word_1_190' title='bbox 598 3669 728 3728; x_wconf 85' lang='lat' dir='ltr'><strong>purificato</strong></span> <span class='ocrx_word' id='word_1_191' title='bbox 741 3675 839 3730; x_wconf 88' lang='lat' dir='ltr'><strong>propter</strong></span> <span class='ocrx_word' id='word_1_192' title='bbox 852 3673 966 3721; x_wconf 82' lang='lat' dir='ltr'><strong>Centauri</strong></span> <span class='ocrx_word' id='word_1_193' title='bbox 981 3677 1082 3732; x_wconf 78' lang='lat' dir='ltr'><strong>caedam,</strong></span> <span class='ocrx_word' id='word_1_194' title='bbox 1097 3680 1230 3736; x_wconf 76' lang='lat' dir='ltr'><strong>decaron,</strong></span> <span class='ocrx_word' id='word_1_195' title='bbox 1244 3682 1274 3737; x_wconf 84' lang='lat' dir='ltr'><strong>ll,</strong></span> <span class='ocrx_word' id='word_1_196' title='bbox 1289 3683 1309 3740; x_wconf 85' lang='lat'><strong>5,</strong></span> <span class='ocrx_word' id='word_1_197' title='bbox 1327 3683 1368 3736; x_wconf 72' lang='lat'><strong>123</strong></span> 
     </span>
    </p>

    <p class='ocr_par' dir='ltr' id='par_1_9' title="bbox 355 3747 1371 3896">
     <span class='ocr_line' id='line_1_30' title="bbox 355 3747 546 3807; baseline 0.016 -15"><span class='ocrx_word' id='word_1_198' title='bbox 355 3747 436 3807; x_wconf 72' lang='lat' dir='ltr'><strong>hren,</strong></span> <span class='ocrx_word' id='word_1_199' title='bbox 452 3747 491 3804; x_wconf 82' lang='lat' dir='ltr'><strong>IV,</strong></span> <span class='ocrx_word' id='word_1_200' title='bbox 509 3748 546 3796; x_wconf 85' lang='lat' dir='ltr'><strong>ll.</strong></span> 
     </span>
     <span class='ocr_line' id='line_1_31' title="bbox 384 3825 1371 3896; baseline 0.015 -21"><span class='ocrx_word' id='word_1_201' title='bbox 384 3825 396 3860; x_wconf 80' lang='lat'>²</span> <span class='ocrx_word' id='word_1_202' title='bbox 414 3827 450 3876; x_wconf 85' lang='lat' dir='ltr'><strong>Gi.</strong></span> <span class='ocrx_word' id='word_1_203' title='bbox 466 3828 599 3877; x_wconf 80' lang='lat' dir='ltr'><strong>Etadeanr</strong></span> <span class='ocrx_word' id='word_1_204' title='bbox 612 3829 644 3878; x_wconf 83' lang='lat' dir='ltr'><strong>las</strong></span> <span class='ocrx_word' id='word_1_205' title='bbox 661 3827 766 3890; x_wconf 72' lang='lat' dir='ltr'><strong>da&#39;urons,</strong></span> <span class='ocrx_word' id='word_1_206' title='bbox 784 3849 808 3894; x_wconf 91' lang='lat' dir='ltr'><strong>p.</strong></span> <span class='ocrx_word' id='word_1_207' title='bbox 828 3839 869 3884; x_wconf 82' lang='grc'><strong>119</strong></span> <span class='ocrx_word' id='word_1_208' title='bbox 888 3841 911 3884; x_wconf 86' lang='lat' dir='ltr'><strong>et</strong></span> <span class='ocrx_word' id='word_1_209' title='bbox 925 3850 976 3896; x_wconf 83' lang='lat' dir='ltr'><strong>seq.</strong></span> <span class='ocrx_word' id='word_1_210' title='bbox 994 3839 1072 3887; x_wconf 90' lang='lat' dir='ltr'><strong>Simul</strong></span> <span class='ocrx_word' id='word_1_211' title='bbox 1088 3845 1110 3887; x_wconf 91' lang='lat' dir='ltr'><strong>ot</strong></span> <span class='ocrx_word' id='word_1_212' title='bbox 1123 3843 1208 3888; x_wconf 78' lang='lat' dir='ltr'><strong>codena</strong></span> <span class='ocrx_word' id='word_1_213' title='bbox 1229 3843 1278 3890; x_wconf 86' lang='lat' dir='ltr'><strong>lero</strong></span> <span class='ocrx_word' id='word_1_214' title='bbox 1296 3855 1371 3890; x_wconf 85' lang='lat' dir='ltr'><strong>seusu</strong></span> 
     </span>
    </p>

    <p class='ocr_par' dir='ltr' id='par_1_10' title="bbox 355 3908 1050 3976">
     <span class='ocr_line' id='line_1_32' title="bbox 355 3908 1050 3976; baseline 0.02 -23"><span class='ocrx_word' id='word_1_215' title='bbox 355 3908 518 3958; x_wconf 82' lang='lat' dir='ltr'><strong>nominantur</strong></span> <span class='ocrx_word' id='word_1_216' title='bbox 532 3912 605 3959; x_wconf 74' lang='lat' dir='ltr'><strong>amito</strong></span> <span class='ocrx_word' id='word_1_217' title='bbox 619 3915 685 3973; x_wconf 90' lang='lat' dir='ltr'><strong>apud</strong></span> <span class='ocrx_word' id='word_1_218' title='bbox 700 3917 843 3973; x_wconf 82' lang='lat' dir='ltr'><strong>Homerum,</strong></span> <span class='ocrx_word' id='word_1_219' title='bbox 858 3915 900 3973; x_wconf 77' lang='lat' dir='ltr'><strong>ih,</strong></span> <span class='ocrx_word' id='word_1_220' title='bbox 918 3920 980 3976; x_wconf 83' lang='lat' dir='ltr'>XIV,</span> <span class='ocrx_word' id='word_1_221' title='bbox 996 3921 1050 3967; x_wconf 77' lang='grc'>333.</span> 
     </span>
    </p>

    <p class='ocr_par' dir='ltr' id='par_1_11' title="bbox 331 3979 1371 4224">
     <span class='ocr_line' id='line_1_33' title="bbox 331 3979 1371 4056; baseline 0.016 -21"><span class='ocrx_word' id='word_1_222' title='bbox 331 4005 338 4014; x_wconf 93' lang='grc'><em>·</em></span> <span class='ocrx_word' id='word_1_223' title='bbox 385 3985 482 4037; x_wconf 78' lang='lat' dir='ltr'><strong>⁸Hanc</strong></span> <span class='ocrx_word' id='word_1_224' title='bbox 505 3992 594 4050; x_wconf 90' lang='lat' dir='ltr'><strong>prioris</strong></span> <span class='ocrx_word' id='word_1_225' title='bbox 615 3995 742 4041; x_wconf 80' lang='lat' dir='ltr'><strong>iturarum</strong></span> <span class='ocrx_word' id='word_1_226' title='bbox 764 3997 841 4054; x_wconf 86' lang='lat' dir='ltr'><strong>partis</strong></span> <span class='ocrx_word' id='word_1_227' title='bbox 860 3997 1087 4056; x_wconf 85' lang='lat' dir='ltr'><strong>interpretationem</strong></span> <span class='ocrx_word' id='word_1_228' title='bbox 1108 4002 1214 4050; x_wconf 76' lang='lat' dir='ltr'><strong>edidisse</strong></span> <span class='ocrx_word' id='word_1_229' title='bbox 1234 3979 1371 4052; x_wconf 65' lang='lat' dir='ltr'><strong>rvi-onmis</strong></span> 
     </span>
     <span class='ocr_line' id='line_1_34' title="bbox 355 4071 1281 4136; baseline 0.017 -22"><span class='ocrx_word' id='word_1_230' title='bbox 355 4071 438 4115; x_wconf 88' lang='lat' dir='ltr'><strong>monet</strong></span> <span class='ocrx_word' id='word_1_231' title='bbox 449 4071 469 4116; x_wconf 84' lang='lat' dir='ltr'><strong>J.</strong></span> <span class='ocrx_word' id='word_1_232' title='bbox 487 4071 594 4126; x_wconf 75' lang='lat' dir='ltr'><strong>Gronau,</strong></span> <span class='ocrx_word' id='word_1_233' title='bbox 608 4087 647 4132; x_wconf 92' lang='lat' dir='ltr'><strong>op.</strong></span> <span class='ocrx_word' id='word_1_234' title='bbox 666 4074 719 4130; x_wconf 84' lang='lat' dir='ltr'><strong>cit.,·</strong></span> <span class='ocrx_word' id='word_1_235' title='bbox 736 4075 781 4121; x_wconf 79' lang='lat' dir='ltr'><strong>lue</strong></span> <span class='ocrx_word' id='word_1_236' title='bbox 797 4081 819 4122; x_wconf 89' lang='lat' dir='ltr'><strong>et</strong></span> <span class='ocrx_word' id='word_1_237' title='bbox 835 4090 886 4136; x_wconf 81' lang='lat' dir='ltr'><strong>seq.</strong></span> <span class='ocrx_word' id='word_1_238' title='bbox 1276 4083 1281 4090; x_wconf 92' lang='lat'><em>&#39;</em></span> 
     </span>
     <span class='ocr_line' id='line_1_35' title="bbox 385 4145 1369 4224; baseline 0.02 -29"><span class='ocrx_word' id='word_1_239' title='bbox 385 4145 563 4209; x_wconf 58' lang='lat' dir='ltr'><strong>⁴lauranum„</strong></span> <span class='ocrx_word' id='word_1_240' title='bbox 581 4151 667 4208; x_wconf 70' lang='lat' dir='ltr'><strong>ilcila,</strong></span> <span class='ocrx_word' id='word_1_241' title='bbox 684 4153 722 4202; x_wconf 83' lang='lat' dir='ltr'><strong>al.</strong></span> <span class='ocrx_word' id='word_1_242' title='bbox 740 4158 863 4215; x_wconf 62' lang='lat' dir='ltr'><strong>szuora„</strong></span> <span class='ocrx_word' id='word_1_243' title='bbox 887 4159 946 4206; x_wconf 79' lang='lat' dir='ltr'><strong>illst.</strong></span> <span class='ocrx_word' id='word_1_244' title='bbox 959 4171 1043 4220; x_wconf 73' lang='lat' dir='ltr'><strong>prae,</strong></span> <span class='ocrx_word' id='word_1_245' title='bbox 1057 4164 1076 4218; x_wconf 85' lang='grc' dir='ltr'><strong>Ι,</strong></span> <span class='ocrx_word' id='word_1_246' title='bbox 1097 4162 1135 4210; x_wconf 79' lang='lat' dir='ltr'><strong>lo.</strong></span> <span class='ocrx_word' id='word_1_247' title='bbox 1158 4166 1193 4212; x_wconf 90' lang='lat' dir='ltr'><strong>lto</strong></span> <span class='ocrx_word' id='word_1_248' title='bbox 1213 4167 1257 4212; x_wconf 84' lang='lat' dir='ltr'><strong>Eu.</strong></span> <span class='ocrx_word' id='word_1_249' title='bbox 1273 4168 1369 4224; x_wconf 79' lang='lat' dir='ltr'><strong>Maron,</strong></span> 
     </span>
    </p>

    <p class='ocr_par' dir='ltr' id='par_1_12' title="bbox 355 4233 1286 4304">
     <span class='ocr_line' id='line_1_36' title="bbox 355 4233 1286 4304; baseline 0.021 -30"><span class='ocrx_word' id='word_1_250' title='bbox 355 4242 428 4294; x_wconf 74' lang='lat' dir='ltr'><strong>quem</strong></span> <span class='ocrx_word' id='word_1_251' title='bbox 443 4233 520 4284; x_wconf 88' lang='lat' dir='ltr'><strong>secuti</strong></span> <span class='ocrx_word' id='word_1_252' title='bbox 535 4238 593 4285; x_wconf 84' lang='lat' dir='ltr'><strong>sunt</strong></span> <span class='ocrx_word' id='word_1_253' title='bbox 608 4234 650 4285; x_wconf 84' lang='lat' dir='ltr'><strong>Ta.</strong></span> <span class='ocrx_word' id='word_1_254' title='bbox 668 4236 738 4284; x_wconf 78' lang='lat' dir='ltr'><strong>ltocn</strong></span> <span class='ocrx_word' id='word_1_255' title='bbox 754 4235 803 4304; x_wconf 87' lang='lat' dir='ltr'><strong>(op.</strong></span> <span class='ocrx_word' id='word_1_256' title='bbox 821 4239 861 4286; x_wconf 88' lang='lat' dir='ltr'><strong>cit.</strong></span> <span class='ocrx_word' id='word_1_257' title='bbox 876 4241 907 4294; x_wconf 83' lang='lat' dir='ltr'><strong>ad</strong></span> <span class='ocrx_word' id='word_1_258' title='bbox 923 4254 946 4290; x_wconf 85' lang='lat' dir='ltr'><strong>v.</strong></span> <span class='ocrx_word' id='word_1_259' title='bbox 964 4239 1019 4304; x_wconf 82' lang='grc'>316)</span> <span class='ocrx_word' id='word_1_260' title='bbox 1032 4245 1055 4289; x_wconf 92' lang='lat' dir='ltr'><strong>ct</strong></span> <span class='ocrx_word' id='word_1_261' title='bbox 1069 4244 1090 4294; x_wconf 86' lang='lat' dir='ltr'><strong>J.</strong></span> <span class='ocrx_word' id='word_1_262' title='bbox 1110 4244 1217 4304; x_wconf 70' lang='lat' dir='ltr'><strong>Gratas,</strong></span> <span class='ocrx_word' id='word_1_263' title='bbox 1232 4245 1286 4294; x_wconf 86' lang='lat' dir='ltr'><strong>lli.</strong></span> 
     </span>
    </p>
   </div>
   <div class='ocr_carea' id='block_1_7' title="bbox 0 0 1584 5082">
    <p class='ocr_par' dir='ltr' id='par_1_13' title="bbox 0 0 1584 5082">
     <span class='ocr_line' id='line_1_37' title="bbox 0 0 1584 5082; baseline 0 0"><span class='ocrx_word' id='word_1_264' title='bbox 0 0 1584 5082; x_wconf 95' lang='lat' dir='ltr'><strong> </strong></span> 
     </span>
    </p>
   </div>
  </div>
 </body>
</html>
