<?xml version="1.0" encoding="UTF-8"?>
<!DOCTYPE html PUBLIC "-//W3C//DTD XHTML 1.0 Transitional//EN"
    "http://www.w3.org/TR/xhtml1/DTD/xhtml1-transitional.dtd">
<html xmlns="http://www.w3.org/1999/xhtml" xml:lang="en" lang="en">
 <head>
  <title>
</title>
<meta http-equiv="Content-Type" content="text/html;charset=utf-8" />
  <meta name='ocr-system' content='tesseract 3.04.00' />
  <meta name='ocr-capabilities' content='ocr_page ocr_carea ocr_par ocr_line ocrx_word'/>
</head>
<body>
  <div class='ocr_page' id='page_1' title='image "./aristophanesimp00hildgoog_0023.png"; bbox 0 0 3114 5088; ppageno 0'>
   <div class='ocr_carea' id='block_1_1' title="bbox 320 553 1340 1715">
    <p class='ocr_par' dir='ltr' id='par_1_1' title="bbox 320 553 1340 1715">
     <span class='ocr_line' id='line_1_1' title="bbox 321 553 1339 646; baseline 0 -18"><span class='ocrx_word' id='word_1_1' title='bbox 321 576 440 628; x_wconf 86' lang='lat' dir='ltr'>ansam</span> <span class='ocrx_word' id='word_1_2' title='bbox 455 556 587 626; x_wconf 89' lang='lat' dir='ltr'>nullam</span> <span class='ocrx_word' id='word_1_3' title='bbox 614 553 751 646; x_wconf 88' lang='lat' dir='ltr'>propria</span> <span class='ocrx_word' id='word_1_4' title='bbox 776 572 838 622; x_wconf 87' lang='lat' dir='ltr'>sua</span> <span class='ocrx_word' id='word_1_5' title='bbox 865 555 1080 644; x_wconf 74' lang='lat' dir='ltr'>professione</span> <span class='ocrx_word' id='word_1_6' title='bbox 1104 557 1184 627; x_wconf 86' lang='lat' dir='ltr'>huic</span> <span class='ocrx_word' id='word_1_7' title='bbox 1209 563 1339 628; x_wconf 66' lang='lat' dir='ltr'>nostro</span> 
     </span>
     <span class='ocr_line' id='line_1_2' title="bbox 321 660 1340 756; baseline 0.004 -25"><span class='ocrx_word' id='word_1_8' title='bbox 321 661 535 752; x_wconf 76' lang='lat' dir='ltr'>inquisitioni</span> <span class='ocrx_word' id='word_1_9' title='bbox 550 660 768 752; x_wconf 80' lang='lat' dir='ltr'>praebuisset,</span> <span class='ocrx_word' id='word_1_10' title='bbox 791 681 864 730; x_wconf 91' lang='lat' dir='ltr'>non</span> <span class='ocrx_word' id='word_1_11' title='bbox 883 662 997 731; x_wconf 85' lang='lat' dir='ltr'>solum</span> <span class='ocrx_word' id='word_1_12' title='bbox 1012 663 1155 734; x_wconf 89' lang='lat' dir='ltr'>illustris</span> <span class='ocrx_word' id='word_1_13' title='bbox 1170 664 1287 756; x_wconf 91' lang='lat' dir='ltr'>populi</span> <span class='ocrx_word' id='word_1_14' title='bbox 1303 671 1340 734; x_wconf 89' lang='lat' dir='ltr'>et</span> 
     </span>
     <span class='ocr_line' id='line_1_3' title="bbox 320 767 1338 858; baseline 0.001 -19"><span class='ocrx_word' id='word_1_15' title='bbox 320 769 551 854; x_wconf 66' lang='lat' dir='ltr'>celeberrimae</span> <span class='ocrx_word' id='word_1_16' title='bbox 570 767 679 836; x_wconf 73' lang='lat' dir='ltr'>aetatis</span> <span class='ocrx_word' id='word_1_17' title='bbox 703 767 861 856; x_wconf 80' lang='lat' dir='ltr'>patefecit</span> <span class='ocrx_word' id='word_1_18' title='bbox 880 768 1077 858; x_wconf 79' lang='lat' dir='ltr'>ingenium,</span> <span class='ocrx_word' id='word_1_19' title='bbox 1100 771 1162 840; x_wconf 88' lang='lat' dir='ltr'>sed</span> <span class='ocrx_word' id='word_1_20' title='bbox 1181 771 1224 840; x_wconf 89' lang='lat' dir='ltr'>ad</span> <span class='ocrx_word' id='word_1_21' title='bbox 1241 791 1338 842; x_wconf 86' lang='lat' dir='ltr'>com-</span> 
     </span>
     <span class='ocr_line' id='line_1_4' title="bbox 320 873 1338 956; baseline 0 -10"><span class='ocrx_word' id='word_1_22' title='bbox 320 876 504 946; x_wconf 83' lang='lat' dir='ltr'>mutandos</span> <span class='ocrx_word' id='word_1_23' title='bbox 528 894 655 953; x_wconf 88' lang='lat' dir='ltr'>mores,</span> <span class='ocrx_word' id='word_1_24' title='bbox 687 873 885 943; x_wconf 86' lang='lat' dir='ltr'>renovanda</span> <span class='ocrx_word' id='word_1_25' title='bbox 909 873 1034 956; x_wconf 88' lang='lat' dir='ltr'>studia,</span> <span class='ocrx_word' id='word_1_26' title='bbox 1064 877 1338 948; x_wconf 77' lang='lat' dir='ltr'>labefactandam</span> 
     </span>
     <span class='ocr_line' id='line_1_5' title="bbox 321 981 1338 1072; baseline 0 -18"><span class='ocrx_word' id='word_1_27' title='bbox 321 992 380 1054; x_wconf 87' lang='lat' dir='ltr'>aut</span> <span class='ocrx_word' id='word_1_28' title='bbox 392 981 663 1054; x_wconf 86' lang='lat' dir='ltr'>confirmandam</span> <span class='ocrx_word' id='word_1_29' title='bbox 678 981 881 1072; x_wconf 82' lang='lat' dir='ltr'>religionem</span> <span class='ocrx_word' id='word_1_30' title='bbox 893 1003 960 1071; x_wconf 94' lang='lat' dir='ltr'>qua</span> <span class='ocrx_word' id='word_1_31' title='bbox 974 983 1079 1052; x_wconf 89' lang='lat' dir='ltr'>totius</span> <span class='ocrx_word' id='word_1_32' title='bbox 1093 985 1238 1054; x_wconf 90' lang='lat' dir='ltr'>civitatis</span> <span class='ocrx_word' id='word_1_33' title='bbox 1251 985 1338 1054; x_wconf 88' lang='lat' dir='ltr'>ratio</span> 
     </span>
     <span class='ocr_line' id='line_1_6' title="bbox 321 1089 1337 1182; baseline -0.002 -22"><span class='ocrx_word' id='word_1_34' title='bbox 321 1097 424 1181; x_wconf 84' lang='lat' dir='ltr'>atque</span> <span class='ocrx_word' id='word_1_35' title='bbox 439 1090 509 1160; x_wconf 88' lang='lat' dir='ltr'>vita</span> <span class='ocrx_word' id='word_1_36' title='bbox 523 1089 774 1169; x_wconf 71' lang='lat' dir='ltr'>continebatur,</span> <span class='ocrx_word' id='word_1_37' title='bbox 798 1090 947 1158; x_wconf 91' lang='lat' dir='ltr'>multum</span> <span class='ocrx_word' id='word_1_38' title='bbox 967 1090 1124 1160; x_wconf 86' lang='lat' dir='ltr'>contulit.</span> <span class='ocrx_word' id='word_1_39' title='bbox 1151 1091 1253 1160; x_wconf 93' lang='lat' dir='ltr'>Nullo</span> <span class='ocrx_word' id='word_1_40' title='bbox 1273 1092 1337 1182; x_wconf 89' lang='lat' dir='ltr'>igi-</span> 
     </span>
     <span class='ocr_line' id='line_1_7' title="bbox 323 1195 1339 1288; baseline -0.001 -21"><span class='ocrx_word' id='word_1_41' title='bbox 323 1204 378 1268; x_wconf 86' lang='lat' dir='ltr'>tur</span> <span class='ocrx_word' id='word_1_42' title='bbox 393 1203 491 1288; x_wconf 89' lang='lat' dir='ltr'>pacto</span> <span class='ocrx_word' id='word_1_43' title='bbox 506 1204 662 1287; x_wconf 86' lang='lat' dir='ltr'>posteros</span> <span class='ocrx_word' id='word_1_44' title='bbox 676 1195 792 1264; x_wconf 87' lang='lat' dir='ltr'>licebit</span> <span class='ocrx_word' id='word_1_45' title='bbox 810 1196 1003 1286; x_wconf 90' lang='lat' dir='ltr'>prohibere,</span> <span class='ocrx_word' id='word_1_46' title='bbox 1029 1199 1218 1288; x_wconf 91' lang='lat' dir='ltr'>quominus</span> <span class='ocrx_word' id='word_1_47' title='bbox 1233 1199 1275 1268; x_wconf 89' lang='lat' dir='ltr'>ab</span> <span class='ocrx_word' id='word_1_48' title='bbox 1297 1199 1339 1266; x_wconf 90' lang='lat' dir='ltr'>iis</span> 
     </span>
     <span class='ocr_line' id='line_1_8' title="bbox 322 1302 1338 1394; baseline -0.001 -20"><span class='ocrx_word' id='word_1_49' title='bbox 322 1305 410 1374; x_wconf 88' lang='lat' dir='ltr'>sicut</span> <span class='ocrx_word' id='word_1_50' title='bbox 433 1303 476 1373; x_wconf 89' lang='lat' dir='ltr'>ad</span> <span class='ocrx_word' id='word_1_51' title='bbox 496 1303 731 1374; x_wconf 90' lang='lat' dir='ltr'>testimonium</span> <span class='ocrx_word' id='word_1_52' title='bbox 749 1303 795 1370; x_wconf 90' lang='lat' dir='ltr'>ita</span> <span class='ocrx_word' id='word_1_53' title='bbox 820 1302 862 1370; x_wconf 92' lang='lat' dir='ltr'>ad</span> <span class='ocrx_word' id='word_1_54' title='bbox 882 1303 1054 1394; x_wconf 78' lang='lat' dir='ltr'>J&#39;udioium</span> <span class='ocrx_word' id='word_1_55' title='bbox 1081 1305 1215 1376; x_wconf 89' lang='lat' dir='ltr'>citetur.</span> <span class='ocrx_word' id='word_1_56' title='bbox 1242 1305 1338 1384; x_wconf 82' lang='lat' dir='ltr'>Quod</span> 
     </span>
     <span class='ocr_line' id='line_1_9' title="bbox 325 1410 1340 1504; baseline 0.002 -25"><span class='ocrx_word' id='word_1_57' title='bbox 325 1417 439 1480; x_wconf 71' lang='lat' dir='ltr'>mmor</span> <span class='ocrx_word' id='word_1_58' title='bbox 468 1417 506 1479; x_wconf 92' lang='lat' dir='ltr'>ut</span> <span class='ocrx_word' id='word_1_59' title='bbox 529 1410 664 1501; x_wconf 88' lang='lat' dir='ltr'>planius</span> <span class='ocrx_word' id='word_1_60' title='bbox 687 1410 832 1491; x_wconf 84' lang='lat' dir='ltr'>eluceat,</span> <span class='ocrx_word' id='word_1_61' title='bbox 858 1430 967 1501; x_wconf 85' lang='lat' dir='ltr'>pauca</span> <span class='ocrx_word' id='word_1_62' title='bbox 988 1411 1089 1480; x_wconf 90' lang='lat' dir='ltr'>nobis</span> <span class='ocrx_word' id='word_1_63' title='bbox 1112 1411 1156 1481; x_wconf 88' lang='lat' dir='ltr'>de</span> <span class='ocrx_word' id='word_1_64' title='bbox 1180 1413 1340 1504; x_wconf 86' lang='lat' dir='ltr'>religiosa</span> 
     </span>
     <span class='ocr_line' id='line_1_10' title="bbox 324 1515 1339 1610; baseline 0 -23"><span class='ocrx_word' id='word_1_65' title='bbox 324 1519 398 1608; x_wconf 84' lang='lat' dir='ltr'>ejus</span> <span class='ocrx_word' id='word_1_66' title='bbox 418 1520 527 1588; x_wconf 81' lang='lat' dir='ltr'>aetatis</span> <span class='ocrx_word' id='word_1_67' title='bbox 545 1517 756 1587; x_wconf 79' lang='lat' dir='ltr'>Athenarum</span> <span class='ocrx_word' id='word_1_68' title='bbox 772 1515 901 1598; x_wconf 92' lang='lat' dir='ltr'>indole,</span> <span class='ocrx_word' id='word_1_69' title='bbox 919 1524 954 1586; x_wconf 94' lang='lat' dir='ltr'>et</span> <span class='ocrx_word' id='word_1_70' title='bbox 979 1517 1022 1586; x_wconf 93' lang='lat' dir='ltr'>de</span> <span class='ocrx_word' id='word_1_71' title='bbox 1037 1519 1339 1610; x_wconf 76' lang='lat' dir='ltr'>comoedia-ipsius</span> 
     </span>
     <span class='ocr_line' id='line_1_11' title="bbox 325 1623 974 1715; baseline 0.003 -23"><span class='ocrx_word' id='word_1_72' title='bbox 325 1623 522 1694; x_wconf 88' lang='lat' dir='ltr'>conditione</span> <span class='ocrx_word' id='word_1_73' title='bbox 539 1645 680 1696; x_wconf 88' lang='lat' dir='ltr'>necesse</span> <span class='ocrx_word' id='word_1_74' title='bbox 694 1630 747 1694; x_wconf 90' lang='lat' dir='ltr'>est</span> <span class='ocrx_word' id='word_1_75' title='bbox 762 1643 974 1715; x_wconf 76' lang='lat' dir='ltr'>proponere.</span> 
     </span>
    </p>
   </div>
   <div class='ocr_carea' id='block_1_2' title="bbox 803 1979 864 2045">
    <p class='ocr_par' dir='ltr' id='par_1_2' title="bbox 803 1979 864 2045">
     <span class='ocr_line' id='line_1_12' title="bbox 803 1979 864 2045; baseline -0.033 -11"><span class='ocrx_word' id='word_1_76' title='bbox 803 1979 864 2045; x_wconf 71' lang='lat'>52.</span> 
     </span>
    </p>
   </div>
   <div class='ocr_carea' id='block_1_3' title="bbox 432 2173 1240 2326">
    <p class='ocr_par' dir='ltr' id='par_1_3' title="bbox 432 2173 1240 2326">
     <span class='ocr_line' id='line_1_13' title="bbox 432 2173 1240 2218; baseline 0.002 -3"><span class='ocrx_word' id='word_1_77' title='bbox 432 2175 467 2215; x_wconf 82' lang='lat' dir='ltr'>btt</span> <span class='ocrx_word' id='word_1_78' title='bbox 487 2173 639 2218; x_wconf 74' lang='lat' dir='ltr'>nuttutost</span> <span class='ocrx_word' id='word_1_79' title='bbox 660 2174 871 2216; x_wconf 70' lang='lat' dir='ltr'>trutttttbttsttttt</span> <span class='ocrx_word' id='word_1_80' title='bbox 890 2173 996 2216; x_wconf 79' lang='lat' dir='ltr'>INDOLE</span> <span class='ocrx_word' id='word_1_81' title='bbox 1015 2175 1050 2216; x_wconf 76' lang='grc' dir='ltr'>ΒΤ</span> <span class='ocrx_word' id='word_1_82' title='bbox 1069 2175 1104 2218; x_wconf 80' lang='lat' dir='ltr'>D}</span> <span class='ocrx_word' id='word_1_83' title='bbox 1123 2177 1240 2218; x_wconf 72' lang='lat' dir='ltr'>vltttttts</span> 
     </span>
     <span class='ocr_line' id='line_1_14' title="bbox 657 2281 1012 2326; baseline -0.003 -2"><span class='ocrx_word' id='word_1_84' title='bbox 657 2281 808 2326; x_wconf 68' lang='lat' dir='ltr'>COUOBDIAE</span> <span class='ocrx_word' id='word_1_85' title='bbox 827 2281 1012 2326; x_wconf 73' lang='lat' dir='ltr'>cotttttttorttt.</span> 
     </span>
    </p>
   </div>
   <div class='ocr_carea' id='block_1_4' title="bbox 329 2483 1346 4083">
    <p class='ocr_par' dir='ltr' id='par_1_4' title="bbox 329 2483 1346 3986">
     <span class='ocr_line' id='line_1_15' title="bbox 381 2483 1341 2553; baseline 0.002 -3"><span class='ocrx_word' id='word_1_86' title='bbox 381 2484 519 2552; x_wconf 90' lang='lat' dir='ltr'>Homeri</span> <span class='ocrx_word' id='word_1_87' title='bbox 535 2491 635 2552; x_wconf 84' lang='lat' dir='ltr'>aetate</span> <span class='ocrx_word' id='word_1_88' title='bbox 655 2484 794 2552; x_wconf 87' lang='lat' dir='ltr'>scientia</span> <span class='ocrx_word' id='word_1_89' title='bbox 822 2484 935 2552; x_wconf 90' lang='lat' dir='ltr'>omnis</span> <span class='ocrx_word' id='word_1_90' title='bbox 956 2484 999 2552; x_wconf 91' lang='lat' dir='ltr'>de</span> <span class='ocrx_word' id='word_1_91' title='bbox 1024 2483 1090 2552; x_wconf 90' lang='lat' dir='ltr'>diis</span> <span class='ocrx_word' id='word_1_92' title='bbox 1112 2489 1146 2552; x_wconf 91' lang='lat' dir='ltr'>et</span> <span class='ocrx_word' id='word_1_93' title='bbox 1165 2483 1208 2553; x_wconf 92' lang='lat' dir='ltr'>de</span> <span class='ocrx_word' id='word_1_94' title='bbox 1227 2504 1341 2553; x_wconf 88' lang='lat' dir='ltr'>rerum</span> 
     </span>
     <span class='ocr_line' id='line_1_16' title="bbox 331 2589 1343 2679; baseline 0.006 -23"><span class='ocrx_word' id='word_1_95' title='bbox 331 2597 451 2659; x_wconf 85' lang='lat' dir='ltr'>natura</span> <span class='ocrx_word' id='word_1_96' title='bbox 479 2590 612 2659; x_wconf 90' lang='lat' dir='ltr'>decoris</span> <span class='ocrx_word' id='word_1_97' title='bbox 645 2591 857 2658; x_wconf 85' lang='lat' dir='ltr'>innitebatur</span> <span class='ocrx_word' id='word_1_98' title='bbox 894 2589 1032 2671; x_wconf 84' lang='lat' dir='ltr'>fabulis,</span> <span class='ocrx_word' id='word_1_99' title='bbox 1057 2611 1203 2679; x_wconf 89' lang='lat' dir='ltr'>quarum</span> <span class='ocrx_word' id='word_1_100' title='bbox 1229 2599 1343 2664; x_wconf 84' lang='lat' dir='ltr'>auoto-</span> 
     </span>
     <span class='ocr_line' id='line_1_17' title="bbox 331 2695 1343 2788; baseline 0.007 -25"><span class='ocrx_word' id='word_1_101' title='bbox 331 2695 420 2764; x_wconf 90' lang='lat' dir='ltr'>ritati</span> <span class='ocrx_word' id='word_1_102' title='bbox 436 2697 783 2788; x_wconf 76' lang='lat' dir='ltr'>hominespdversari</span> <span class='ocrx_word' id='word_1_103' title='bbox 802 2717 915 2786; x_wconf 91' lang='lat' dir='ltr'>neque</span> <span class='ocrx_word' id='word_1_104' title='bbox 934 2705 1092 2788; x_wconf 91' lang='lat' dir='ltr'>poterant</span> <span class='ocrx_word' id='word_1_105' title='bbox 1115 2721 1228 2788; x_wconf 90' lang='lat' dir='ltr'>neque</span> <span class='ocrx_word' id='word_1_106' title='bbox 1248 2702 1343 2770; x_wconf 88' lang='lat' dir='ltr'>vole·</span> 
     </span>
     <span class='ocr_line' id='line_1_18' title="bbox 329 2803 1343 2898; baseline 0.005 -26"><span class='ocrx_word' id='word_1_107' title='bbox 329 2803 412 2872; x_wconf 88' lang='lat' dir='ltr'>bant</span> <span class='ocrx_word' id='word_1_108' title='bbox 428 2829 437 2886; x_wconf 81' lang='lat'><em>3</em></span> <span class='ocrx_word' id='word_1_109' title='bbox 455 2806 581 2895; x_wconf 91' lang='lat' dir='ltr'>quippe</span> <span class='ocrx_word' id='word_1_110' title='bbox 593 2827 670 2894; x_wconf 75' lang='lat' dir='ltr'>quat</span> <span class='ocrx_word' id='word_1_111' title='bbox 701 2810 823 2894; x_wconf 90' lang='lat' dir='ltr'>sponte</span> <span class='ocrx_word' id='word_1_112' title='bbox 840 2827 902 2874; x_wconf 86' lang='lat' dir='ltr'>sua</span> <span class='ocrx_word' id='word_1_113' title='bbox 921 2808 1018 2895; x_wconf 87' lang='lat' dir='ltr'>quasi</span> <span class='ocrx_word' id='word_1_114' title='bbox 1040 2829 1080 2875; x_wconf 91' lang='lat' dir='ltr'>ex</span> <span class='ocrx_word' id='word_1_115' title='bbox 1101 2809 1206 2876; x_wconf 90' lang='lat' dir='ltr'>totius</span> <span class='ocrx_word' id='word_1_116' title='bbox 1229 2811 1343 2898; x_wconf 89' lang='lat' dir='ltr'>gentis</span> 
     </span>
     <span class='ocr_line' id='line_1_19' title="bbox 329 2911 1340 3005; baseline 0.006 -27"><span class='ocrx_word' id='word_1_117' title='bbox 329 2911 468 3000; x_wconf 85' lang='lat' dir='ltr'>ingenio</span> <span class='ocrx_word' id='word_1_118' title='bbox 493 2919 587 2993; x_wconf 85' lang='lat' dir='ltr'>ortae,</span> <span class='ocrx_word' id='word_1_119' title='bbox 611 2913 726 2982; x_wconf 90' lang='lat' dir='ltr'>divina</span> <span class='ocrx_word' id='word_1_120' title='bbox 743 2913 874 3002; x_wconf 83' lang='lat' dir='ltr'>origine</span> <span class='ocrx_word' id='word_1_121' title='bbox 889 2914 1103 3005; x_wconf 85' lang='lat' dir='ltr'>comprobari</span> <span class='ocrx_word' id='word_1_122' title='bbox 1129 2915 1340 2985; x_wconf 85' lang='lat' dir='ltr'>viderentur.</span> 
     </span>
     <span class='ocr_line' id='line_1_20' title="bbox 333 3023 1343 3112; baseline -0.002 -20"><span class='ocrx_word' id='word_1_123' title='bbox 333 3025 408 3093; x_wconf 91' lang='lat' dir='ltr'>Non</span> <span class='ocrx_word' id='word_1_124' title='bbox 424 3031 540 3096; x_wconf 88' lang='lat' dir='ltr'>mente</span> <span class='ocrx_word' id='word_1_125' title='bbox 553 3047 591 3095; x_wconf 86' lang='lat' dir='ltr'>ac</span> <span class='ocrx_word' id='word_1_126' title='bbox 606 3029 737 3096; x_wconf 88' lang='lat' dir='ltr'>ratione</span> <span class='ocrx_word' id='word_1_127' title='bbox 761 3024 882 3093; x_wconf 91' lang='lat' dir='ltr'>mundi</span> <span class='ocrx_word' id='word_1_128' title='bbox 902 3023 1060 3091; x_wconf 85' lang='lat' dir='ltr'>ordinem</span> <span class='ocrx_word' id='word_1_129' title='bbox 1075 3023 1255 3112; x_wconf 86' lang='lat' dir='ltr'>explicare,</span> <span class='ocrx_word' id='word_1_130' title='bbox 1274 3045 1343 3092; x_wconf 91' lang='lat' dir='ltr'>non</span> 
     </span>
     <span class='ocr_line' id='line_1_21' title="bbox 331 3128 1345 3228; baseline -0.004 -24"><span class='ocrx_word' id='word_1_131' title='bbox 331 3135 528 3204; x_wconf 86' lang='lat' dir='ltr'>continuam</span> <span class='ocrx_word' id='word_1_132' title='bbox 559 3141 690 3204; x_wconf 79' lang='lat' dir='ltr'>natura</span> <span class='ocrx_word' id='word_1_133' title='bbox 720 3133 850 3228; x_wconf 86' lang='lat' dir='ltr'>seriem</span> <span class='ocrx_word' id='word_1_134' title='bbox 868 3130 969 3198; x_wconf 90' lang='lat' dir='ltr'>certis</span> <span class='ocrx_word' id='word_1_135' title='bbox 1000 3128 1182 3218; x_wconf 86' lang='lat' dir='ltr'>disponere</span> <span class='ocrx_word' id='word_1_136' title='bbox 1210 3131 1345 3222; x_wconf 90' lang='lat' dir='ltr'>legibus</span> 
     </span>
     <span class='ocr_line' id='line_1_22' title="bbox 334 3235 1345 3328; baseline -0.002 -20"><span class='ocrx_word' id='word_1_137' title='bbox 334 3262 410 3310; x_wconf 91' lang='lat' dir='ltr'>mos</span> <span class='ocrx_word' id='word_1_138' title='bbox 441 3248 524 3321; x_wconf 85' lang='lat' dir='ltr'>erat,</span> <span class='ocrx_word' id='word_1_139' title='bbox 552 3241 613 3310; x_wconf 90' lang='lat' dir='ltr'>sed</span> <span class='ocrx_word' id='word_1_140' title='bbox 644 3261 720 3328; x_wconf 85' lang='lat' dir='ltr'>quae</span> <span class='ocrx_word' id='word_1_141' title='bbox 748 3235 983 3307; x_wconf 86' lang='lat' dir='ltr'>enitescebant</span> <span class='ocrx_word' id='word_1_142' title='bbox 1011 3245 1091 3304; x_wconf 89' lang='lat' dir='ltr'>ante</span> <span class='ocrx_word' id='word_1_143' title='bbox 1120 3238 1238 3306; x_wconf 90' lang='lat' dir='ltr'>oculos</span> <span class='ocrx_word' id='word_1_144' title='bbox 1267 3259 1345 3306; x_wconf 89' lang='lat' dir='ltr'>cnm</span> 
     </span>
     <span class='ocr_line' id='line_1_23' title="bbox 334 3343 1345 3438; baseline -0.003 -22"><span class='ocrx_word' id='word_1_145' title='bbox 334 3354 474 3438; x_wconf 90' lang='lat' dir='ltr'>stupore</span> <span class='ocrx_word' id='word_1_146' title='bbox 492 3350 641 3438; x_wconf 88' lang='lat' dir='ltr'>primurn</span> <span class='ocrx_word' id='word_1_147' title='bbox 657 3346 814 3416; x_wconf 86' lang='lat' dir='ltr'>admirati</span> <span class='ocrx_word' id='word_1_148' title='bbox 830 3351 912 3413; x_wconf 90' lang='lat' dir='ltr'>sunt</span> <span class='ocrx_word' id='word_1_149' title='bbox 927 3343 1087 3413; x_wconf 87' lang='lat' dir='ltr'>homines</span> <span class='ocrx_word' id='word_1_150' title='bbox 1101 3367 1110 3424; x_wconf 90' lang='lat'>;</span> <span class='ocrx_word' id='word_1_151' title='bbox 1130 3344 1255 3415; x_wconf 90' lang='lat' dir='ltr'>deinde</span> <span class='ocrx_word' id='word_1_152' title='bbox 1274 3349 1345 3415; x_wconf 89' lang='lat' dir='ltr'>vim</span> 
     </span>
     <span class='ocr_line' id='line_1_24' title="bbox 331 3454 1345 3545; baseline -0.002 -21"><span class='ocrx_word' id='word_1_153' title='bbox 331 3454 485 3524; x_wconf 85' lang='lat' dir='ltr'>abditam</span> <span class='ocrx_word' id='word_1_154' title='bbox 501 3475 520 3524; x_wconf 88' lang='lat' dir='ltr'>a</span> <span class='ocrx_word' id='word_1_155' title='bbox 537 3456 638 3525; x_wconf 88' lang='lat' dir='ltr'>rebus</span> <span class='ocrx_word' id='word_1_156' title='bbox 652 3455 735 3545; x_wconf 91' lang='lat' dir='ltr'>ipsis</span> <span class='ocrx_word' id='word_1_157' title='bbox 747 3455 980 3544; x_wconf 69' lang='lat' dir='ltr'>sejungentes</span> <span class='ocrx_word' id='word_1_158' title='bbox 1002 3458 1105 3519; x_wconf 77' lang='lat' dir='ltr'>daura</span> <span class='ocrx_word' id='word_1_159' title='bbox 1119 3454 1345 3523; x_wconf 87' lang='lat' dir='ltr'>nominarunt</span> 
     </span>
     <span class='ocr_line' id='line_1_25' title="bbox 331 3557 1346 3654; baseline 0 -24"><span class='ocrx_word' id='word_1_160' title='bbox 331 3582 435 3650; x_wconf 86' lang='lat' dir='ltr'>quam</span> <span class='ocrx_word' id='word_1_161' title='bbox 463 3563 654 3654; x_wconf 86' lang='lat' dir='ltr'>intelligere</span> <span class='ocrx_word' id='word_1_162' title='bbox 679 3562 878 3652; x_wconf 84' lang='lat' dir='ltr'>nequibant.</span> <span class='ocrx_word' id='word_1_163' title='bbox 906 3561 995 3628; x_wconf 83' lang='lat' dir='ltr'>Deos</span> <span class='ocrx_word' id='word_1_164' title='bbox 1019 3558 1100 3626; x_wconf 91' lang='lat' dir='ltr'>inde</span> <span class='ocrx_word' id='word_1_165' title='bbox 1127 3557 1191 3626; x_wconf 91' lang='lat' dir='ltr'>sihi</span> <span class='ocrx_word' id='word_1_166' title='bbox 1216 3559 1346 3630; x_wconf 88' lang='lat' dir='ltr'>similes</span> 
     </span>
     <span class='ocr_line' id='line_1_26' title="bbox 333 3655 1346 3762; baseline 0 -26"><span class='ocrx_word' id='word_1_167' title='bbox 333 3669 507 3740; x_wconf 85' lang='lat' dir='ltr'>humanus</span> <span class='ocrx_word' id='word_1_168' title='bbox 534 3655 1346 3762; x_wconf 81' lang='lat' dir='ltr'>excogitauitanimus,numenqueasecreatum</span> 
     </span>
     <span class='ocr_line' id='line_1_27' title="bbox 332 3773 1345 3868; baseline 0.001 -25"><span class='ocrx_word' id='word_1_169' title='bbox 332 3777 433 3857; x_wconf 87' lang='lat' dir='ltr'>vitae,</span> <span class='ocrx_word' id='word_1_170' title='bbox 474 3778 639 3858; x_wconf 88' lang='lat' dir='ltr'>moribus,</span> <span class='ocrx_word' id='word_1_171' title='bbox 680 3776 868 3868; x_wconf 81' lang='lat' dir='ltr'>cognitioni</span> <span class='ocrx_word' id='word_1_172' title='bbox 904 3779 1066 3862; x_wconf 83' lang='lat' dir='ltr'>tanquam</span> <span class='ocrx_word' id='word_1_173' title='bbox 1091 3773 1345 3844; x_wconf 89' lang='lat' dir='ltr'>moderatorem</span> 
     </span>
     <span class='ocr_line' id='line_1_28' title="bbox 331 3883 871 3986; baseline -0.004 -35"><span class='ocrx_word' id='word_1_174' title='bbox 331 3889 434 3972; x_wconf 89' lang='lat' dir='ltr'>atque</span> <span class='ocrx_word' id='word_1_175' title='bbox 454 3886 657 3974; x_wconf 83' lang='lat' dir='ltr'>magistrum</span> <span class='ocrx_word' id='word_1_176' title='bbox 674 3883 871 3986; x_wconf 67' lang='lat' dir='ltr'>pqaeposuit.</span> 
     </span>
    </p>

    <p class='ocr_par' dir='ltr' id='par_1_5' title="bbox 377 3989 1345 4083">
     <span class='ocr_line' id='line_1_29' title="bbox 377 3989 1345 4083; baseline -0.001 -24"><span class='ocrx_word' id='word_1_177' title='bbox 377 3993 561 4081; x_wconf 86' lang='lat' dir='ltr'>Postquam</span> <span class='ocrx_word' id='word_1_178' title='bbox 586 3993 745 4083; x_wconf 81' lang='lat' dir='ltr'>cogitatio</span> <span class='ocrx_word' id='word_1_179' title='bbox 772 4009 902 4060; x_wconf 88' lang='lat' dir='ltr'>novum</span> <span class='ocrx_word' id='word_1_180' title='bbox 938 3989 1094 4078; x_wconf 89' lang='lat' dir='ltr'>concepit</span> <span class='ocrx_word' id='word_1_181' title='bbox 1124 3990 1247 4071; x_wconf 89' lang='lat' dir='ltr'>robur,</span> <span class='ocrx_word' id='word_1_182' title='bbox 1276 4011 1345 4060; x_wconf 91' lang='lat' dir='ltr'>non</span> 
     </span>
    </p>
   </div>
   <div class='ocr_carea' id='block_1_5' title="bbox 333 4096 1347 4195">
    <p class='ocr_par' dir='ltr' id='par_1_6' title="bbox 333 4096 1347 4195">
     <span class='ocr_line' id='line_1_30' title="bbox 333 4096 1347 4195; baseline 0.005 -30"><span class='ocrx_word' id='word_1_183' title='bbox 333 4097 443 4187; x_wconf 89' lang='lat' dir='ltr'>potuit</span> <span class='ocrx_word' id='word_1_184' title='bbox 455 4102 537 4190; x_wconf 88' lang='lat' dir='ltr'>quin</span> <span class='ocrx_word' id='word_1_185' title='bbox 549 4102 697 4171; x_wconf 88' lang='lat' dir='ltr'>claustra</span> <span class='ocrx_word' id='word_1_186' title='bbox 709 4117 930 4195; x_wconf 88' lang='lat' dir='ltr'>perrumpere</span> <span class='ocrx_word' id='word_1_187' title='bbox 941 4103 975 4166; x_wconf 91' lang='lat' dir='ltr'>et</span> <span class='ocrx_word' id='word_1_188' title='bbox 986 4096 1029 4166; x_wconf 85' lang='lat' dir='ltr'>ad</span> <span class='ocrx_word' id='word_1_189' title='bbox 1044 4099 1246 4170; x_wconf 88' lang='lat' dir='ltr'>remotiores</span> <span class='ocrx_word' id='word_1_190' title='bbox 1259 4099 1347 4170; x_wconf 85' lang='lat' dir='ltr'>fines</span> 
     </span>
    </p>
   </div>
   <div class='ocr_carea' id='block_1_6' title="bbox 0 0 1572 5088">
    <p class='ocr_par' dir='ltr' id='par_1_7' title="bbox 0 0 1572 5088">
     <span class='ocr_line' id='line_1_31' title="bbox 0 0 1572 5088; baseline 0 0"><span class='ocrx_word' id='word_1_191' title='bbox 0 0 1572 5088; x_wconf 95' lang='lat' dir='ltr'> </span> 
     </span>
    </p>
   </div>
  </div>
 </body>
</html>
