3156 5082
783 501 942 557 -Ηῑ-

553 715 584 770 Ei
595 715 646 769 θιοί
660 733 685 768 τι
701 710 798 790 δρῶσιν
815 714 942 796 αἰσχρὸν,
961 715 1006 770 οὖν
1019 715 1084 772 tinia
1099 716 1158 774 deci.

399 945 480 1022 Quae
495 964 589 1014 mera
604 964 664 1034 pro
686 943 817 1033 vulgari
843 942 1107 1011 Atheniensium
1125 961 1232 1011 sensu
1247 943 1367 1032 impie-

354 1061 417 1130 tas,
436 1071 476 1120 eo
504 1051 613 1140 magis
639 1052 674 1118 in
706 1056 843 1141 poetam
861 1048 982 1120 debuit
1008 1055 1208 1120 conuertere
1234 1051 1369 1139 piorum

354 1159 549 1226 inimicitias
562 1165 597 1226 et
612 1157 797 1227 accendere
815 1156 903 1236 odia,
926 1156 1020 1246 quod
1034 1177 1105 1225 non
1122 1158 1240 1247 paucis
1258 1166 1292 1228 et
1307 1178 1368 1248 pe-

354 1265 442 1344 ritis,-
457 1265 518 1334 sed
529 1272 601 1335 toto
615 1265 742 1355 populo
756 1263 921 1346 audienti,
936 1265 1365 1353 spectaculorumsolemni

352 1380 528 1463 apparatu,
551 1373 695 1460 etquasi
719 1371 839 1439 Bacchi
862 1370 1027 1440 defensus
1042 1372 1255 1449 auctoritate,
1279 1394 1367 1461 prae-

353 1487 450 1568 cepta
465 1481 521 1548 illa
541 1486 643 1568 atque
658 1478 857 1568 disciplinas
874 1478 1109 1568 patefaciebat.

397 1587 504 1665 Quam
520 1585 659 1656 tandem
675 1586 922 1675 indignationis
948 1593 1007 1654 aut
1031 1585 1167 1656 derisus
1190 1588 1367 1658 materiam

352 1715 392 1764 ex
410 1715 448 1762 ea
464 1700 558 1762 tanta
578 1702 612 1763 ct
629 1702 699 1761 tam
723 1692 941 1762 formidanda
970 1693 1147 1783 impietate
1166 1695 1366 1783 Aristopha-

352 1803 405 1870 nis
426 1801 540 1869 hausit
556 1800 747 1869 commdia?
771 1802 924 1868 Facetam
943 1799 1084 1888 quidem
1105 1801 1364 1891 etjucucdissi-

353 1928 457 1986 mam,
475 1907 536 1974 sed
554 1927 662 1974 raram
676 1927 813 1995 quoquc
824 1927 1021 1996 nequeeam.
1033 1929 1109 1995 quae
1125 1909 1159 1976 in
1170 1907 1366 1996 Euripidem

352 2014 528 2102 religiosas
543 2015 737 2083 simultates
753 2015 921 2082 concitare
937 2014 1077 2083 valeret.
1100 2016 1141 2084 Ut
1164 2034 1184 2082 a
1209 2017 1364 2084 minimis

352 2120 538 2199 ordiamur,
572 2125 913 2204 Thesmophoriozosae
931 2125 954 2200 ¹,
992 2143 1069 2209 quae
1094 2129 1163 2190 tota
1198 2123 1365 2212 tragoedia

351 2231 384 2295 in
406 2226 594 2297 deridendo
616 2227 774 2316 Euripide
792 2234 957 2310 versatur,
985 2230 1165 2302 mulierem
1180 2229 1360 2308 inducunt,

350 2335 487 2404 corollis
504 2334 682 2404 nectendis
697 2343 869 2422 quaestum
886 2335 950 2402 sibi
976 2335 1086 2404 facere
1114 2344 1314 2406 consuetam
1330 2345 1365 2406 et

350 2449 550 2531 querentem
580 2441 672 2531 quod
701 2448 803 2532 poeta
828 2442 862 2508 in
888 2442 1064 2532 tragoediis
1096 2443 1252 2512 docendo
1280 2443 1363 2512 deos

350 2570 419 2617 noo
435 2570 523 2628 esse,
541 2552 633 2618 victu
646 2551 755 2638 ipsam
771 2549 944 2617 fraudaret
962 2572 968 2613 :

551 2765 605 2814 Νῦν
619 2755 642 2814 δ’
655 2754 731 2820 οὗτος
743 2761 768 2814 ἑν
783 2766 874 2815 ταῖσιν
888 2755 1047 2834 τραγῳδίαις
1060 2765 1138 2814 ποιῶν

551 2858 619 2919 Τοὺς
632 2853 733 2933 ἄνδρας
748 2857 916 2913 ἀναπέπεικεν
929 2858 976 2911 οὖν
989 2852 1057 2910 εἶναι
1073 2856 1155 2918 Orode.

393 3095 535 3164 Duobus
551 3095 710 3164 versibus
737 3115 805 3163 nec,
826 3115 998 3183 quoquam
1026 3094 1174 3185 amplius
1204 3093 1362 3182 potuitne

331 3204 595 3292 Aristophanes
624 3204 885 3272 Atheniensium
917 3204 1051 3270 animos
1078 3203 1113 3268 in
1143 3201 1287 3290 impium
1314 3201 1362 3266 in-

348 3312 546 3405 ilammare?
570 3313 635 3379 Res
660 3311 745 3399 ipsa,
763 3313 799 3376 ‘ni
823 3310 933 3389 fallor,
957 3309 1190 3399 respondebit.
1221 3311 1253 3376 Si
1290 3305 1360 3375 nou

348 3418 473 3505 potuit,
501 3437 561 3506 pro
587 3416 822 3485 demonstrato
850 3418 914 3484 erit
947 3416 1144 3485 habendum
1171 3417 1270 3483 illum
1301 3436 1361 3483 no-

347 3522 466 3592 luisse.
1141 3573 1143 3578 -
1203 3539 1206 3546 '
1313 3540 1318 3552 ’·

390 3631 437 3697 De
452 3635 553 3698 chts
571 3636 584 3680 2
602 3634 672 3723 jam
695 3630 871 3699 adnotavit
890 3638 1008 3699 auctor
1024 3631 1263 3708 doctissimus,
1288 3650 1359 3696 non

346 3735 529 3826 impietatis
544 3759 646 3808 causa
667 3738 864 3828 Euripidem
879 3739 1006 3818 vexari,
1025 3737 1159 3806 etiamsi
1176 3757 1359 3826 argumen-

346 3850 420 3912 tum
437 3844 722 3913 iiliuscomoediae
733 3865 853 3914 ansam
870 3845 1035 3933 optimam
1063 3845 1144 3911 hnic
1172 3844 1230 3912 tali
1246 3844 1360 3911 crimi-

377 4105 618 4167 ¹r1mmopt.,tao.
916 4135 926 4146 .-
1159 4135 1161 4140 .
1239 4135 1240 4140 ,

375 4186 455 4235 ²Vid.
472 4191 544 4248 iton„
562 4193 613 4246 100,
628 4191 749 4246 892,936,
765 4190 801 4238 Gi.
820 4190 844 4238 G.
862 4188 1058 4247 Koonsopsit«,
1074 4190 1126 4234 ror.
1172 4201 1223 4222 τι.
1271 4217 1272 4222 ,
1307 4197 1332 4210 ·‘
