3156 5082
590 1316 826 1387 CONCLUSIO.

251 1633 407 1714 Athenis,
426 1633 565 1701 Periclis
590 1631 864 1720 tempestatibus,
892 1633 1012 1723 religio
1033 1635 1217 1704 anullare

205 1741 340 1830 publica
356 1740 554 1829 privataque
565 1737 693 1817 aberat,
708 1744 742 1805 et
756 1740 845 1808 sicut
860 1741 894 1807 iu
918 1742 987 1809 vita
1003 1742 1048 1810 ita
1068 1743 1102 1810 in
1118 1743 1216 1810 libris

204 1849 279 1937 ejus
295 1847 403 1914 aetatis
413 1845 665 1936 amplissimum
685 1845 821 1915 tenebat
829 1846 954 1915 locum.
969 1849 1160 1917 Theatralia
1170 1848 1219 1920 lu·

204 1954 308 2035 diora,
326 1953 495 2042 religiosis
510 1959 585 2022 orta
599 1951 753 2022 lontibus
766 1961 800 2020 et
812 1954 847 2020 in
860 1953 1005 2024 deorum
1021 1957 1127 2026 tutela
1143 1957 1215 2024 ool-

19 2099 21 2168 j
86 2115 92 2126 .
204 2061 322 2138 locata,
339 2059 418 2149 quia
440 2060 596 2149 religioni
631 2058 779 2128 multum
804 2059 989 2142 debebant,
1016 2063 1166 2132 multum
1182 2069 1217 2131 et

204 2166 406 2236 reddebant.

249 2277 361 2354 Ouum
378 2274 626 2363 Aristophanes
652 2275 786 2344 fabulas
812 2275 933 2345 docere
952 2277 1113 2358 instituit,
1130 2277 1216 2346 duo-

204 2381 269 2450 bus
285 2382 388 2462 vitiis,
401 2402 478 2469 quaa
492 2401 690 2470 quanquam
703 2385 871 2450 contraria
891 2398 918 2453 εκ
930 2401 993 2473 μιᾶς
1004 2405 1118 2474 κορυφῆς
1139 2384 1215 2452 uhi-

203 2510 270 2576 que
285 2509 420 2578 semper
438 2491 643 2579 junguntur,
670 2489 845 2558 laborabat
869 2491 1132 2560 Atheniensium
1160 2511 1215 2560 re·

202 2596 284 2685 ligio
307 2621 314 2663 :
332 2597 575 2686 superstitione
591 2597 720 2666 scilicet
734 2605 769 2665 et
791 2596 978 2687 impietate,
1000 2619 1148 2686 quorum
1164 2598 1214 2664 al-

204 2709 315 2772 terum
330 2704 436 2792 vulgi,
455 2704 601 2772 alterum
626 2703 839 2773 eruditorum
871 2704 1040 2773 afficiebat
1067 2705 1213 2774 animoa.

247 2813 349 2878 Poeta
379 2811 437 2899 qui
463 2812 642 2880 comoedia}
674 2811 872 2880 conditione
901 2818 934 2879 et
963 2809 1215 2880 cousuetudine

204 2916 338 2996 tradita,
356 2917 556 3006 religionem
585 2918 711 2986 fabulis
737 2919 809 2986 suis
830 2914 1090 2986 admiscendam
1114 2917 1215 2986 babe-

202 3021 271 3102 bat,
288 3023 375 3092 sicut
387 3023 422 3090 in
436 3024 692 3114 superstitiosas
715 3025 967 3113 persuasiones,
1000 3025 1214 3094 extrinsecus

203 3131 329 3198 ciuitati
342 3131 507 3222 invectas,
525 3150 619 3198 arma
635 3150 696 3198 sua
716 3129 850 3211 direxit,
874 3131 919 3198 ita
930 3131 1078 3219 primum
1095 3130 1138 3198 ah
1153 3132 1215 3198 im-

203 3236 327 3324 pietate
343 3237 452 3305 uoluit
478 3237 669 3306 immunem
694 3257 830 3306 serrare
851 3243 1017 3317 mentem,
1039 3244 1073 3306 et
1097 3237 1215 3326 impie-

203 3343 281 3410 tatis
300 3342 452 3411 iautores
469 3363 592 3412 vexare
604 3343 760 3412 ridiculo.
774 3343 839 3412 Sed
854 3349 1000 3411 ,lobiam
1017 3344 1215 3412 admonitus

202 3448 393 3516 calamitate
407 3469 452 3516 ne
468 3451 622 3517 nutantis
643 3449 724 3519 fidei
754 3451 943 3539 susciperet
971 3449 1211 3539 patrocinium,

202 3555 322 3623 statuit
337 3554 454 3643 potius
468 3545 607 3646 antiqua
627 3577 765 3646 quoque
781 3556 823 3626 de
843 3557 970 3626 divinis
995 3557 1117 3645 placita
1132 3557 1214 3624 artis

202 3682 274 3730 suae
301 3662 478 3752 proposito
507 3662 767 3732 accommodare
795 3685 898 3752 quam
923 3660 1212 3731 extracomoediae

202 3767 290 3836 fines
310 3767 487 3856 evagando
514 3775 553 3835 ut
585 3787 624 3836 ea
652 3773 816 3850 tueretur,
839 3771 994 3858 repulsas
1021 3775 1055 3838 et
1078 3766 1215 3836 fastidia

201 3875 284 3963 pati.

247 3981 464 4050 Doriensium
478 3984 648 4054 comoedia
662 3983 754 4052 unde
770 3989 883 4070 ortum
898 3987 1058 4074 cuperant

308 4169 423 4247 Eupolis
436 4177 524 4248 utque
541 4169 674 4232 Cratinus
692 4169 956 4244 Aristophanesque
972 4171 1072 4243 poeta,

307 4265 400 4336 Atque
413 4264 463 4320 alii
476 4281 599 4337 quorum
618 4262 758 4320 comoedia
772 4261 866 4334 prisca
878 4259 1005 4316 virorum
1021 4263 1072 4328 est,
