3156 5082
782 517 942 578 -iit-

351 649 453 715 esset.
484 645 565 724 Qua
585 649 703 713 tamen
724 644 800 734 ejus
833 651 953 713 contra
986 643 1183 736 Euripidem
1205 645 1369 716 lactantio

349 773 444 822 arma
456 772 534 822 esse
550 756 734 842 poterant?
748 751 889 842 Propter
908 753 989 821 vitae
1007 752 1148 842 privatae
1161 754 1365 835 castitatem,

350 879 471 929 ansam
485 858 616 926 nnllam
626 857 765 926 comicia
778 857 953 947 praebebat
965 857 1108 938 facetiis,
1124 877 1238 946 nequa
1250 876 1292 925 ac
1304 878 1367 926 nov

353 969 448 1037 mine
461 966 503 1036 ab
518 963 747 1055 Aristophane
768 969 871 1052 atque
893 964 967 1032 aliis
979 964 1108 1054 petitus
1122 970 1195 1044 est;
1223 963 1268 1032 ob
1284 964 1367 1032 artis

352 1082 486 1144 tantum
503 1073 595 1154 vitia,
616 1072 688 1140 sive
707 1071 871 1142 verasive
891 1071 1137 1151 commentitia,
1153 1077 1288 1162 poterat
1303 1078 1367 1140 tra·

352 1181 441 1250 duci.
459 1181 531 1260 Quo
546 1180 581 1248 in
596 1177 751 1270 operoab
769 1183 1040 1246 Acbamecricm
1055 1178 1170 1247 fabula
1199 1198 1308 1267 usque
1321 1177 1366 1246 ad

359 1291 713 1371 Thesmophortozosua
741 1285 786 1352 ita
818 1284 1005 1354 elaboravit
1036 1285 1296 1376 Aristophanes,
1328 1292 1366 1354 ut

353 1417 433 1466 eum
452 1415 556 1484 quem
573 1395 609 1461 in
625 1393 746 1464 ceteris
765 1392 882 1460 multis
895 1392 1096 1460 mutabilem
1110 1398 1213 1481 atque
1226 1393 1365 1462 incons-

353 1510 482 1573 tantem
499 1501 661 1583 vidimus,
690 1502 724 1569 in
752 1502 817 1569 boc
837 1500 958 1569 saltem
978 1490 1159 1569 immotum
1183 1506 1217 1570 et
1243 1521 1362 1570 secum

352 1609 556 1681 concordem
573 1608 685 1680 dicere
698 1609 828 1678 liceret.
859 1609 934 1675 Non
956 1607 1010 1676 hic
1034 1607 1117 1676 libet
1146 1628 1187 1680 oa
1213 1631 1291 1699 quaa
1319 1608 1362 1677 ad

350 1719 508 1797 formam,
528 1716 803 1807 dispositionem,
818 1713 948 1804 stylum
973 1721 1076 1804 atque
1095 1737 1209 1786 mores
1234 1723 1362 1808 tragoe-

351 1826 482 1894 diarum
497 1824 671 1914 pertlnent
686 1822 836 1892 crimina
854 1821 985 1891 diluere
1009 1829 1068 1891 aut
1093 1843 1216 1914 urgere
1227 1848 1235 1904 ;
1258 1841 1362 1894 nemo

350 1953 420 2001 non
437 1933 584 2000 fateatur
599 1951 740 2000 necesse
754 1937 807 2000 cst
826 1949 867 2000 ex
880 1930 935 1998 his
955 1931 1063 1998 multa
1082 1933 1219 2021 egregie
1234 1931 1363 2001 vidisse

349 2048 383 2109 et
406 2038 935 2129 perstrinxisseAristophanem,
953 2037 1073 2106 inaliis
1093 2058 1231 2128 aeqnnm
1247 2059 1361 2109 exces-

274 2151 276 2156 ’
350 2147 437 2216 sisse
452 2145 607 2226 modum,
624 2144 743 2234 sedita
762 2163 899 2235 sempor
913 2151 951 2212 nt
965 2164 1006 2212 ex
1019 2145 1189 2234 Euripidis
1204 2147 1261 2214 illa
1279 2167 1359 2215 cen·

349 2276 428 2324 sura
440 2255 606 2346 optimam
622 2252 755 2321 ridiculi
771 2252 902 2341 copiam
925 2251 1086 2321 hauriret.
1108 2253 1197 2322 lllud
1212 2275 1276 2324 nos
1293 2273 1361 2322 ma-

346 2363 400 2454 gis
419 2361 642 2450 moretania
657 2360 796 2429 tandem
814 2360 848 2428 in
869 2380 909 2429 eo
934 2360 1173 2450 Aristophanis
1196 2363 1359 2452 interpre

348 2475 401 2539 tes
416 2468 620 2538 commorari
637 2467 762 2550 solent,
785 2466 913 2538 scilicet
931 2466 1101 2557 Euripidis
1115 2465 1359 2558 impietatema'

346 2577 478 2646 cornico
493 2576 600 2644 inisse
616 2576 822 2657 lacessitam,
837 2581 872 2645 et
891 2574 1034 2644 deorum
1047 2595 1177 2658 curam,
1194 2597 1281 2665 qnos
1294 2583 1359 2645 tra-

350 2685 447 2774 gicus
466 2683 599 2774 respuit
612 2688 671 2751 aut
692 2683 949 2766 contaminavit,
971 2684 1135 2752 acerrime
1150 2690 1356 2774 susceptam.

391 2791 423 2860 Si
441 2790 484 2859 ad
509 2789 749 2880 Aristophanis
770 2788 888 2870 libros,
906 2789 1073 2880 neglectis
1103 2793 1359 2860 commentariis

346 2905 380 2968 et
395 2895 748 2988 interpretationibus,
771 2917 835 2965 nos
851 2897 1043 2977 referimus,
1062 2903 1096 2966 et
1114 2898 1281 2967 irrisionis
1296 2901 1359 2968 liu·

346 3003 464 3097 ripidis
479 3005 686 3094 requirimus
714 3004 931 3084 documenta,
956 3004 1042 3072 illud
1066 3005 1142 3074 luco
1161 3006 1357 3096 clarins‘ap-

344 3112 488 3203 parebit,
511 3111 778 3202 Aristophanem
794 3132 881 3201 pene
906 3112 1031 3202 tragica
1056 3112 1357 3202 abreptumvehe-

344 3221 475 3290 mentia
504 3221 539 3288 in
566 3240 702 3288 morum
728 3224 963 3307 corruptorem
983 3239 1059 3288 esse
1078 3221 1273 3302 invectum,
1300 3222 1356 3289 vix

344 3329 381 3396 in
398 3328 541 3396 transitu
557 3334 659 3416 atque
684 3325 808 3394 leniter
834 3326 871 3392 in
900 3325 1044 3394 deornm
1070 3334 1354 3418 contemptorem.

344 3433 440 3514 Quod
465 3435 493 3502 si
512 3435 616 3524 justis
634 3432 846 3524 ponderibus
864 3434 1034 3524 Euripidis
1059 3436 1263 3506 aestimasset
1287 3443 1355 3504 tra-

342 3541 505 3634 goediam,
522 3542 691 3611 contrario
706 3541 828 3610 fuisset
837 3540 967 3631 judicio
978 3563 1064 3611 usus
1083 3568 1090 3610 :
1108 3543 1240 3612 nullam
1262 3544 1356 3612 enim

341 3651 508 3738 privatam
542 3649 783 3739 publicamque
810 3651 958 3739 reperire
987 3658 1040 3718 est
1066 3651 1230 3720 virtutem
1251 3671 1355 3740 quam

340 3758 489 3848 tragicus
504 3759 666 3848 operibus
682 3758 754 3826 suis
769 3778 841 3826 non
853 3757 1026 3841 extulerit,
1047 3759 1353 3841 commendaverit,

341 3864 570 3946 exornaverit,
592 3885 701 3955 quum
717 3866 881 3933 contrain
901 3864 1115 3934 illustrandis
1135 3870 1291 3935 veterum
1305 3865 1355 3933 fa·

341 3972 431 4042 bulis
444 3978 546 4063 atque
561 3972 780 4054 renovandis,
798 3972 942 4042 deorum
966 3973 1058 4044 vices
1079 3979 1113 4042 et
1139 3973 1285 4064 heroum
1299 3973 1354 4040 in-

339 4080 490 4150 iortunia
505 4079 926 4172 tragoediispraetexcndo,
940 4083 1235 4172 nonAnaxagorae
1249 4077 1354 4158 modo
1384 4105 1391 4110 ·

340 4193 374 4256 et
390 4188 624 4279 sophistarum
639 4189 706 4260 fuit
720 4187 922 4282 discipulus,
935 4188 995 4258 sed
1009 4189 1353 4280 Xenophanisaorcm
1444 4190 1447 4197 '
