3156 5082
621 465 764 565 ..p-

182 655 291 727 quam
306 634 499 705 exstiterint
515 634 606 724 apud
626 655 691 703 nos
717 643 775 703 aut
804 636 936 724 possint
961 637 1107 706 existere
1130 636 1200 705 :si-

182 743 327 833 quidem
344 742 580 810 turbatissimo
595 743 781 831 superioris
802 742 917 811 saecuti
930 744 1035 824 exitu,
1050 744 1201 812 liberiori

183 849 365 918 comoediae
384 856 408 928 ¹,
427 868 497 937 prae
512 848 622 915 Attica
636 854 752 916 tamen
777 849 1071 930 moderatissima,
1096 850 1201 918 siten-

186 957 276 1024 tium
290 963 342 1026 est
369 955 537 1024 indictum
563 961 598 1022 et
625 956 752 1024 nostris
778 978 916 1046 quoque
940 941 1203 1047 tempestatibus

185 1064 316 1152 egregii
331 1068 441 1152 poetae
452 1062 527 1131 sine
550 1082 675 1152 magno
695 1064 858 1150 periculo
875 1065 939 1132 etsi
968 1064 1129 1154 principis
1145 1069 1204 1131 aut

186 1169 273 1236 artis
286 1169 365 1238 tecti
384 1169 584 1257 patrocinio,
604 1168 780 1258 religiosas
794 1190 849 1238 res
861 1171 896 1237 in
909 1190 1048 1239 scenam
1060 1191 1130 1239 non
1146 1190 1203 1259 po-

190 1283 330 1346 tuerunt
340 1276 473 1347 deferre
489 1281 515 1344 ².

549 1651 718 1700 EPIMETRUM
735 1653 774 1700 hb
792 1645 844 1713 fl't.

239 1869 316 1938 Haec
341 1871 456 1938 omnia
485 1874 675 1941 recensenti
703 1882 736 1941 et
759 1873 972 1962 percontanti
999 1871 1057 1962 'qui
1073 1873 1204 1942 Aristo·

193 1977 318 2066 phanis
333 1979 435 2047 fuerit
457 1980 592 2047 animus
608 1980 643 2046 in
659 1980 859 2048 aestimanda
879 1981 1025 2067 mystica
1041 1983 1206 2070 temporis

196 2085 250 2151 sui
267 2084 442 2174 religione,
459 2085 566 2154 haeret
574 2086 743 2175 judicium
769 2107 880 2176 neque
895 2093 1052 2156 constare
1072 2087 1208 2156 videtur

196 2197 312 2258 utrum
328 2191 580 2260 Eleusiniorum
591 2195 832 2282 mysteriorum
843 2195 1069 2274 sanctitatem,
1083 2195 1207 2281 Diony-

199 2299 347 2387 siacique
359 2298 472 2366 cultus
488 2315 677 2391 ἐνθουσιασμὸν
693 2299 813 2368 eadem
829 2301 966 2369 lenitate
990 2300 1045 2368 vel
1068 2300 1207 2368 audacia

197 2423 300 2492 quam
332 2405 548 2473 Homericam
583 2414 616 2475 et
646 2408 835 2474 archaicam
868 2408 1063 2476 Graecorum
1100 2405 1205 2475 fidem

200 2513 384 2591 vexaverit,
403 2532 446 2579 an
468 2519 586 2582 contra
608 2514 774 2582 immunia
798 2535 873 2584 esse
903 2515 1033 2583 comica
1064 2534 1208 2583 censura

200 2617 395 2686 volucritat
415 2624 647 2707 spectatorum
665 2621 782 2709 pietati
809 2620 1096 2690 commendanda.

244 2725 324 2802 Quae
350 2727 494 2814 quaestio
514 2729 573 2792 aut
604 2726 647 2796 de
670 2727 836 2796 industria
867 2719 1003 2818 propter
1028 2727 1209 2796 difficulta-

200 2838 269 2900 tem
289 2851 308 2897 a
326 2833 654 2900 commentatoribus
674 2840 726 2902 est
745 2836 975 2922 praetermissa
989 2836 1205 2924 plerumque,

199 2946 258 3007 eut
272 2939 471 3006 summatim
485 2945 619 3006 tantum
636 2959 697 3028 pro
714 2942 881 3029 cujusque
899 2941 1038 3008 arbitrio
1055 2947 1207 3019 tractata,

200 3045 249 3111 ita
264 3050 302 3111 ut
316 3065 409 3112 nunc
424 3050 668 3135 praesumptam
683 3046 869 3134 quamdam
885 3047 1124 3135 Aristophanis
1145 3046 1211 3133 pie·

202 3156 308 3218 tatem
328 3150 618 3232 demonstrarent,
644 3173 747 3234 nunc,
767 3153 859 3240 quod
881 3159 995 3220 tamen
1022 3152 1138 3240 paucis
1160 3155 1213 3218 est

202 3264 418 3346 usurpatum,
441 3277 481 3324 ex
499 3259 709 3326 comicorum
721 3259 857 3328 licentia
879 3261 914 3327 in
944 3258 1008 3326 hac
1024 3257 1123 3347 patrii
1138 3256 1211 3325 cui-

204 3371 260 3432 tus
279 3372 374 3453 parte
390 3365 553 3433 effrenate
569 3373 605 3432 ut
631 3366 666 3432 in
687 3369 809 3434 ceteris
838 3367 1013 3448 saeviente,
1038 3367 1110 3454 jam
1139 3370 1212 3430 tum

205 3471 344 3560 orphica
359 3472 523 3557 mysteria
539 3479 573 3540 et
585 3473 752 3542 eleusinia
770 3475 996 3564 degenerasse
1019 3473 1122 3560 inque
1145 3489 1215 3537 me-

203 3597 275 3643 ram
301 3577 595 3666 superstitionem,
618 3580 646 3647 si
672 3599 823 3668 unquam
858 3599 935 3646 rere
967 3578 1126 3666 religioso
1143 3577 1214 3643 ins-

204 3683 307 3750 tincta
326 3680 452 3751 fuerint
468 3686 602 3774 spiritu,
623 3687 774 3755 evasisse
788 3683 1036 3754 contenderent
1053 3689 1078 3752 ³.

247 3789 344 3866 Quod
362 3788 405 3857 ad
422 3811 486 3860 nos
500 3793 635 3874 attinet,
657 3793 736 3880 quia
763 3792 903 3862 demum
917 3811 958 3860 ex
973 3790 1215 3882 superstitibus

235 4015 244 4054 ¹
262 4021 465 4080 Ratumenna,
479 4025 510 4071 Le
522 4024 632 4084 Mariape
646 4022 675 4072 de
686 4025 785 4084 Figura.

235 4097 246 4133 ¹
261 4104 366 4159 Auerna,
381 4107 410 4150 [κε
425 4103 473 4150 rite
486 4105 515 4151 de
529 4104 640 4164 Gitoper.
656 4106 762 4154 Snuuou.
782 4101 924 4165 Strophine,
938 4102 1025 4152 Dauid
1036 4101 1131 4151 ttorltot.

234 4179 246 4212 ³
264 4184 298 4229 lta
312 4183 363 4230 tere
376 4185 482 4243 Losscm
498 4183 669 4245 Aptaoptam„
687 4189 732 4234 628
747 4193 770 4234 et
783 4201 834 4246 seq.
