3156 5082
664 515 824 572 ..iffi-

637 705 648 784 v'
735 703 811 757 Πάνυ
833 703 968 778 μανθάνω.

237 930 330 1000 haud
348 951 448 1000 secus
463 919 724 1021 atque'leo'lores
743 932 790 999 illi
818 929 1117 1010 confidentissimi,
1133 929 1193 1019 qui
1209 933 1249 998 ex'

236 1037 392 1106 obscuris
410 1025 534 1107 libellis
549 1040 717 1124 solamina
738 1037 908 1128 requirere
922 1043 956 1105 el
969 1038 1089 1109 inanes
1110 1057 1249 1128 poscere

237 1145 494 1236 spessolehanl.
705 1137 707 1142 ’

283 1253 438 1320 Transitu
475 1260 622 1342 peracta,
654 1274 827 1342 nusquam
856 1257 1041 1322 occurrunt
1065 1253 1099 1319 in
1129 1253 1250 1320 itinere

238 1359 413 1450 parricidae
427 1381 538 1448 neque
562 1363 701 1451 perjuri,
722 1360 765 1430 de
787 1381 933 1450 quorum
947 1360 1133 1452 ,suppliciis
1154 1361 1249 1428 lorri-

237 1467 299 1534 fioa
315 1451 785 1556 praenunriaverarflerarles,
804 1467 931 1557 quibus
945 1474 1059 1535 lamen
1076 1467 1246 1534 absonum

236 1573 398 1642 fuisselin
411 1574 578 1643 oomoedia
590 1595 786 1655 occurrere;
805 1595 874 1642 non
887 1575 995 1664 magis
1008 1594 1112 1662 quam
1124 1573 1248 1642 lrelluae

235 1687 338 1768 atque
366 1669 524 1750 ¹monstra
559 1702 636 1770 quae
671 1687 804 1749 lanium
831 1681 1036 1748 somniantis
1060 1680 1180 1748 Baoohi
1218 1688 1251 1748 el

236 1807 323 1856 iana
339 1788 501 1878 fingentis
519 1787 664 1876 ignaviae
680 1787 832 1856 derisum
851 1785 1083 1877 suppedilnnl-.
1101 1788 1151 1855 lla
1163 1786 1215 1854 inl
1235 1827 1249 1838 -

237 1916 351 1962 rorum
371 1895 429 1962 illa
443 1894 585 1962 ridicula
599 1895 802 1974 imilalIone,
823 1897 938 1962 omnia
963 1895 1092 1962 oomioo
1107 1913 1249 1983 respon-

236 2002 321 2070 dent
336 2002 509 2092 proposito
529 2010 561 2070 el
578 2023 655 2092 quae
679 2003 787 2070 oeulis
810 2002 1041 2071 ostenduntur
1057 2006 1090 2069 el
1106 2022 1183 2091 quae
1199 2001 1249 2068 lu-

155 2194 165 2200 ·
238 2093 321 2177 teni.
334 2109 464 2178 Chorus
493 2111 564 2198 ipse
594 2110 817 2189 initiatorum,
838 2112 937 2200 eujus
966 2131 1007 2178 ex
1039 2109 1164 2198 angulo
1189 2128 1250 2175 au-

237 2216 336 2284 diunt
350 2216 451 2284 ambo
467 2224 501 2284 et
515 2217 735 2302 ludificantur
746 2219 908 2308 hymnos,
924 2218 1028 2286 lolius
1040 2217 1152 2306 operis
1165 2236 1250 2284 sono

236 2327 393 2422 congruit
414 2330 436 2392 ¹.
452 2326 521 2393 Elsi
537 2325 696 2394 lecchum
714 2329 939 2415 Cereremque
954 2324 1147 2416 magnificis
1166 2325 1250 2392 eole-

237 2433 311 2500 bral
330 2432 552 2510 carminibuS,
569 2455 646 2522 quae
662 2436 823 2522 pleraque
848 2434 880 2500 in
902 2433 1071 2501 Eleusinis
1092 2439 1249 2521 penetra-

237 2538 326 2606 libus
348 2560 416 2607 non
434 2540 563 2608 absona
577 2541 684 2608 fuisse
694 2541 865 2618 videnlur,
886 2541 1041 2608 Xanthia}
1055 2541 1174 2629 jocum
1189 2561 1249 2608 au-

236 2646 355 2716 dacem
375 2654 410 2715 el
425 2650 480 2716 vix
495 2649 527 2715 in
539 2649 736 2716 Bacchanali
748 2649 883 2719 licentia
896 2645 1118 2728 tolerabilem,
1135 2667 1251 2715 assen-

237 2755 341 2822 lienle
353 2755 448 2834 horu,
467 2758 629 2846 suggerit.

440 2933 538 3020 ᾄδουσι
552 2953 615 3020 γοῦν
631 2949 675 3002 τὸν
689 2934 788 3020 ἴακχον
802 2945 879 3022 ὅνπερ
894 2947 1038 3023 Διαγόρας.

283 3167 454 3244 Allullilur
467 3175 508 3243 atl
526 3177 687 3244 eumdem
709 3177 805 3244 illum
819 3178 1010 3266 Diagoram,
1028 3177 1085 3265 qui
1113 3181 1251 3265 propter

236 3284 500 3352 audacissimam
515 3286 727 3373 impietatem
746 3285 847 3374 paulo
865 3291 944 3354 ante
971 3285 1107 3351 civitate
1135 3291 1250 3350 exier-

237 3392 386 3459 minalus
402 3398 454 3461 osl
469 3398 503 3459 el
518 3393 626 3481 capite
642 3392 827 3460 domnolus
843 3396 869 3458 2.
900 3392 1022 3460 Nonne
1045 3392 1169 3459 mirum
1191 3413 1248 3480 pu-

239 3497 325 3566 blioe
343 3499 377 3565 ln
394 3497 528 3566 ihoalro
548 3499 700 3586 potuisse
720 3498 907 3587 praedicari,
934 3499 1074 3586 hymnis
1089 3499 1122 3564 in
1139 3498 1249 3566 hono-

236 3627 309 3674 rem
335 3607 575 3674 Eleusinorum
594 3605 777 3672 numinum
798 3606 998 3685 decantatio,
1019 3604 1150 3674 reddita
1170 3612 1250 3673 ante

228 3711 467 3802 'spectatorum
489 3713 608 3782 oeulos
630 3712 718 3782 lesia
742 3733 946 3802 pomparum
969 3714 1141 3802 imagine,
1165 3734 1250 3802 quas

236 3820 316 3889 belli
332 3839 433 3888 eausa
446 3827 528 3888 luno
542 3821 625 3886 mari
638 3821 713 3887 sine
731 3821 800 3887 ullo
813 3829 976 3910 apparatu
992 3841 1059 3888 non
1074 3829 1160 3888 lerra
1171 3841 1249 3888 cum

266 4043 274 4078 ¹
296 4047 368 4099 llari..
383 4048 428 4092 316
445 4051 468 4092 ol
482 4059 534 4105 seq.

266 4123 394 4184 ’scaon.‚
408 4127 442 4174 acl
460 4129 514 4184 lv„
533 4131 600 4176 ¹071.
621 4131 716 4183 Grcuu..
731 4131 788 4177 Nol.
807 4131 886 4176 Dour..
904 4131 922 4186 1,
937 4133 974 4176 23.
989 4129 1024 4178 Gi.
1040 4129 1201 4184 annuarum,
1222 4130 1251 4183 ll,

236 4205 289 4256 545.
