3156 5082
765 477 905 532 ...66-

325 618 398 678 tum
431 613 466 676 at
496 605 640 674 inscitiae
685 607 820 670 tautum
851 601 1072 670 excusatione
1101 585 1345 670 indemnatum

324 717 525 785 dimissum.
545 713 594 781 Ne
610 712 779 779 scenicam
800 708 940 798 quidem
968 709 1213 796 mysteriorum
1229 709 1346 775 imita-

327 827 471 902 tionem,
487 841 589 910 quem
607 817 780 908 tragoediae
796 818 957 906 ruajestas
974 838 1043 884 uon
1060 815 1267 904 deprimeret
1283 815 1347 883 secl

327 931 562 1022 amplificaret,
578 923 739 994 videntur
752 931 825 992 tum
838 925 968 1012 passuri
982 923 1088 992 luisse
1100 924 1344 1000 Athenienses

329 1038 458 1108 nodum
487 1033 667 1102 ridiculam
702 1029 988 1099 deformationem
1013 1051 1111 1120 aequo
1137 1031 1251 1099 animo
1288 1029 1348 1098 ad-

329 1145 538 1236 spexissent.
556 1140 806 1210 Demosthenes
822 1138 988 1207 adsersus
1004 1138 1141 1206 llidiam
1157 1159 1270 1218 orans,
1292 1139 1349 1206 vel

331 1254 426 1322 solus
443 1250 649 1318 documento
663 1248 738 1329 erit,
754 1269 822 1314 rron
833 1268 985 1316 cessasse
1001 1253 1118 1336 postea
1130 1247 1164 1314 in
1179 1246 1348 1336 religiosis

335 1363 404 1429 rim
419 1360 536 1449 legum
553 1360 579 1439 ¹,
596 1363 629 1424 et
646 1356 745 1424 anxia
757 1354 904 1443 quadam
918 1353 1218 1444 sollicitudinepro
1232 1354 1349 1442 patriis

334 1468 458 1536 habitis
489 1465 553 1532 diis
587 1465 621 1529 in
649 1463 905 1532 irreverentiam
942 1483 1081 1531 omnem
1116 1463 1348 1530 Athenienses

334 1574 536 1666 gravissime
581 1591 717 1660 semper
754 1569 1058 1650 animadvertisse,
1097 1571 1199 1638 etiam
1240 1591 1348 1658 quum

334 1681 452 1772 religio
469 1677 800 1768 omnisnegligentia
828 1685 884 1744 aut
907 1679 1080 1766 impietate
1106 1677 1145 1744 ad
1171 1678 1348 1745 interitum

334 1793 460 1858 ritaret.

377 1900 438 1974 Qui
454 1897 557 1984 igitur
572 1894 793 1982 Aristophani
808 1895 1020 1964 licuissethis
1032 1896 1065 1962 in
1080 1894 1258 1962 comoediis
1270 1915 1348 1984 spe·

336 2005 424 2071 ciem
449 2002 693 2088 mysteriorum
735 2001 877 2068 ridiculo
908 2002 1133 2070 deformatam
1165 2001 1277 2078 edere,
1314 2003 1349 2066 in

342 2114 687 2193 l'lacrruophorioacsis
704 2128 827 2196 nempe
840 2116 941 2196 atque
958 2109 991 2176 iu
1008 2115 1127 2176 lionis?
1140 2111 1167 2174 N
1173 2130 1230 2176 um
1247 2109 1350 2176 Athe-

338 2219 488 2296 nieuseS,
507 2216 682 2304 voluptate
697 2235 799 2304 quam
821 2236 861 2282 ex
876 2218 1020 2284 scenicis
1039 2216 1178 2284 ludicris
1190 2215 1351 2306 percipie-

335 2326 416 2392 bant
426 2324 549 2404 allecti,
563 2344 605 2391 no
619 2323 791 2390 Eleusinia
802 2321 954 2410 quidem,
967 2324 1219 2391 sanctissimam
1231 2325 1350 2412 patriae

336 2433 510 2522 religionis
527 2439 669 2522 partem,
688 2431 920 2499 aBacchanali
940 2431 1078 2499 licentia
1099 2437 1170 2500 tuta
1187 2453 1263 2501 esse
1284 2453 1348 2500 vo-

336 2541 487 2619 luerunt,
515 2538 576 2608 sed
601 2538 684 2606 deos
708 2559 870 2626 sacraque
894 2540 1009 2606 omnia
1033 2539 1202 2628 permixte
1234 2539 1350 2606 defor-

337 2645 460 2713 manda
475 2644 689 2713 tradiderunt
706 2647 871 2713 comicis?
896 2646 1155 2736 Aristophanem
1172 2647 1351 2716 comoediae

337 2753 502 2841 mysteria
521 2753 614 2842 operi
631 2773 693 2820 suo
715 2753 910 2820 adhibentis
930 2761 1020 2822 recta
1033 2756 1269 2844 interpretatio
1291 2754 1352 2821 du-

337 2861 539 2928 bitationem
557 2881 708 2938 curarem,
726 2861 760 2926 ni
781 2861 891 2940 fallor,
911 2862 1096 2930 amovebit.

383 2967 555 3036 Praedietis
575 2969 699 3035 sabulis
717 2974 828 3036 ortum
847 2969 1017 3038 dederunt
1029 2977 1182 3059 tempora
1198 2971 1255 3038 illa
1270 2971 1352 3038 laeti·

339 3077 394 3146 tiae
408 3084 441 3145 et
458 3077 666 3144 comicorum
681 3077 742 3142 arti
761 3075 896 3156 iul'csta,
919 3076 1044 3164 quihus
1062 3098 1217 3146 eversam
1243 3078 1353 3144 Sicula

339 3185 434 3253 clade
456 3190 660 3273 potestatem
686 3183 898 3272 gloriamque
922 3184 1151 3253 Athenienses
1174 3185 1353 3252 restituere

343 3293 567 3372 conabantur,
586 3298 619 3357 ct
634 3289 800 3356 luctuosis
816 3289 967 3377 depressi
983 3291 1245 3380 cogitationibus
1260 3293 1354 3358 inau-

341 3399 448 3466 ditam
475 3397 714 3476 calamitatem,
750 3417 826 3483 quatl
864 3398 1085 3486 amplissimae
1117 3401 1190 3488 spei
1220 3419 1355 3466 sucees-

340 3510 442 3585 serat,
461 3504 581 3592 privati
606 3503 821 3592 reputabant,
845 3525 905 3593 per
934 3506 1007 3574 rias
1026 3512 1060 3574 et
1087 3505 1237 3594 compita
1260 3525 1355 3574 exse-

342 3613 524 3680 urebantur
540 3617 565 3679 2.
596 3612 713 3699 Neque
741 3612 837 3680 loeus
858 3620 929 3681 erat
968 3615 1107 3682 comicis
1137 3634 1198 3702 per
1221 3613 1355 3682 solitam

340 3719 515 3786 lasciviam
533 3719 575 3785 de
589 3718 748 3788 civilibus
769 3720 871 3788 rebus
887 3719 1080 3802 cavillandi,
1104 3741 1216 3808 neque
1228 3727 1355 3810 specta-

373 3915 380 3949 ¹
401 3920 527 3964 heuosrs.
544 3916 572 3962 ia
585 3915 655 3973 illd,
672 3919 716 3963 517
731 3920 754 3964 ot
766 3930 816 3976 seq.
831 3917 866 3964 ef.
883 3918 910 3964 ta
928 3919 1026 3975 Nauem,
1038 3932 1063 3978 p.
1080 3921 1145 3977 1385,
1164 3918 1174 3979 ἓ
1194 3921 1243 3965 lto.
1261 3917 1356 3965 Aristo-

341 3998 409 4055 tcles,
422 3999 516 4058 stilpon
530 3999 759 4056 Theophrastusquc
772 3997 884 4054 ἀσεὸείας
897 4003 975 4063 γραφῇ
984 3999 1084 4045 fuerunt
1097 4000 1174 4058 petiti.
1187 4000 1240 4046 Vid.
1251 4001 1336 4045 Arum
1351 4035 1354 4043 .

340 4080 393 4134 XV,
407 4092 431 4137 p.
444 4082 496 4127 696.
513 4081 582 4127 broc.
600 4080 699 4140 Lucum,
718 4080 746 4136 V,
763 4082 790 4136 ὃς
806 4081 835 4135 ll,
854 4083 911 4136 Μῦς
928 4081 955 4137 V,
973 4082 1011 4138 37,
1025 4083 1069 4128 otc.

371 4156 382 4190 ⁹
399 4159 433 4206 el.
449 4161 543 4217 henne,
560 4163 592 4207 Dc
606 4160 658 4206 vitu
672 4159 807 4220 Aristonis,
824 4161 835 4221 Ξ
850 4165 886 4209 10.
