3156 5082
760 441 902 496 „55-

328 573 519 659 temporum
545 567 751 645 commotus,
773 563 1019 654 Aristophanes
1048 566 1210 636 amissam
1236 567 1345 637 fldem

329 694 527 764 recuperare
548 673 637 742 velle
658 671 839 742 videatur:
866 673 912 739 ita
936 679 1051 742 tamen
1067 679 1105 741 nt
1123 676 1175 744 vel
1191 675 1345 765 Euripidi

329 780 555 860 adversando,
585 778 672 846 nihil
696 778 854 860 animosi,
883 779 971 846 nihil
994 780 1086 867 quod
1101 783 1254 871 priorum
1278 787 1346 850 Nu·

330 898 424 962 bium
441 891 582 956 renovet
597 886 798 954 memoriam
814 887 967 956 inveniat
986 891 1009 955 ¹.
1033 887 1070 955 ln
1090 893 1190 956 ltorrc's
1211 895 1343 970 contra,

331 1007 365 1072 ct
380 997 498 1067 multis
513 996 613 1064 annis
629 996 813 1084 interjectis
830 996 864 1062 in
887 1001 993 1081 Pluto,
1024 996 1067 1065 ad
1092 997 1224 1066 fontem
1252 997 1346 1066 unde

331 1114 411 1174 Aves
431 1104 644 1184 effluxerant,
663 1102 762 1170 alacri
780 1103 962 1172 revertitur
977 1105 1104 1185 animo,
1121 1113 1156 1172 et
1169 1103 1253 1175 deos
1268 1104 1346 1174 illos

332 1215 389 1302 qui
407 1231 587 1280 censuram
616 1211 775 1299 primum,
803 1212 875 1299 ipsa
895 1210 1021 1280 iahulae
1033 1211 1242 1293 conditione,
1264 1213 1347 1280 effu-

332 1324 464 1410 gerant,
493 1317 615 1386 lisdem
639 1319 744 1384 armis
766 1317 974 1406 aggreditur.
1004 1320 1052 1387 De
1080 1323 1189 1397 Pluto,
1218 1321 1346 1409 inquo

332 1432 448 1516 aperte
460 1424 503 1491 ad
517 1424 742 1514 philosophos
752 1425 898 1505 transiit,
916 1425 1003 1494 inira
1013 1427 1112 1517 plura
1123 1426 1344 1495 disseremus

332 1537 447 1602 Restat
464 1536 501 1598 ut
518 1530 560 1598 de
578 1531 697 1599 Bacchi
715 1531 749 1599 in
767 1537 867 1600 Rcois
889 1533 1031 1602 ridicula
1054 1554 1199 1624 persona
1227 1535 1348 1624 loqua-

334 1663 424 1721 mur,
442 1660 518 1728 quae
534 1646 649 1707 tamon
663 1659 781 1729 parurn
800 1661 864 1709 nos
881 1641 1081 1722 morabitur,
1106 1643 1185 1731 quia
1203 1642 1348 1731 quaestio

335 1749 534 1840 pervulgata
552 1753 604 1814 est
621 1747 784 1815 omnihus
799 1755 832 1817 et
845 1748 1045 1818 doctissimo
1058 1750 1131 1819 viro
1145 1750 1350 1840 opusculum

246 1897 251 1904 ·
335 1855 527 1924 eruditione
565 1855 701 1944 insigne
732 1854 976 1944 suppeditavit,
1009 1856 1103 1944 quod
1135 1878 1198 1927 nec
1231 1862 1350 1927 nostro

335 1962 524 2052 comparari
538 1981 636 2029 neca
655 1969 773 2030 nostro
794 1963 976 2032 deformari
988 1965 1134 2034 velimus
1152 1971 1178 2032 ².

380 2068 523 2148 Baccho,
543 2068 571 2135 si
592 2089 663 2136 rem
691 2068 732 2135 ad
755 2071 864 2137 nostri
884 2073 1047 2160 temporis
1063 2072 1350 2142 consuetudinem

337 2177 559 2256 aestimamuS,
586 2195 627 2244 eo
648 2177 757 2264 magis
783 2177 902 2244 debuit
925 2179 1172 2268 Aristophanes
1198 2199 1349 2269 parcere,

336 2283 428 2372 quod
442 2283 532 2350 illius
545 2282 581 2349 in
598 2284 701 2350 sacris
719 2287 797 2351 nata
810 2291 880 2352 erat
895 2285 1077 2366 comoedia,
1095 2287 1352 2376 patrocinioque

336 2392 507 2459 licentiam
539 2410 619 2478 erga
646 2390 806 2459 homines
833 2397 1034 2479 ceterosque
1065 2392 1148 2460 deos
1178 2393 1348 2462 tuebatur.

339 2499 436 2564 Hunc
451 2503 565 2563 tamen
579 2496 681 2563 deum
705 2497 751 2563 ita
769 2498 924 2565 tractavit
941 2498 1187 2587 Aristophanes
1204 2506 1241 2567 ut
1257 2501 1291 2567 in
1306 2503 1352 2568 ri-

339 2603 450 2670 dicula
471 2602 651 2668 numinum
675 2604 762 2670 serio
784 2605 995 2692 praecipuum
1018 2611 1150 2674 teneret
1168 2607 1299 2687 locum,
1320 2614 1354 2676 ct

339 2708 425 2776 sicut
449 2708 611 2776 Hercules
637 2707 834 2790 stoliditate,
863 2710 909 2776 ita
925 2711 1070 2799 ignavia,
1087 2713 1243 2793 mollitie,
1262 2691 1353 2781 iufir-

339 2817 456 2882 mitate
483 2814 610 2903 ingenii
636 2816 813 2883 emineret.
843 2817 1014 2884 Traditum
1039 2818 1127 2886 hanc
1147 2840 1166 2886 a
1184 2821 1353 2888 Doriensi-

340 2923 404 2989 bus
432 2923 602 2990 comicis3
628 2928 661 2991 et
690 2924 790 2992 certis
812 2926 882 3014 jam
912 2924 1118 3013 quibusdam
1137 2927 1354 2998 lineamentis

340 3029 544 3118 descriptam
556 3030 608 3099 dei
626 3031 811 3120 imaginem
831 3033 1002 3120 accepisse
1022 3033 1287 3122 Aristophanem
1303 3038 1352 3103 fa-

341 3143 473 3204 teamur
492 3137 601 3217 decet,
625 3139 671 3206 ita
702 3159 782 3207 vero
811 3145 848 3205 ut
871 3158 958 3218 eam,
984 3140 1012 3206 si
1033 3140 1211 3221 voluisset,
1231 3141 1353 3210 lahulae

340 3264 410 3310 suae
430 3244 604 3332 proposito
628 3265 698 3311 non
712 3244 969 3312 accommodare
989 3247 1170 3334 potuisset.

385 3350 548 3438 Suscepto
568 3350 711 3417 consilio
734 3350 862 3418 inferos
882 3350 1031 3419 adeundi
1046 3361 1079 3421 et
1092 3353 1173 3422 iude
1187 3358 1352 3444 tragicum

341 3453 522 3521 reducendi
537 3463 683 3544 poetam,
698 3457 756 3544 qul
774 3491 783 3520 u
803 3471 974 3547 μειρακύλλια
988 3470 1138 3550 τραγῳδίας
1159 3481 1286 3533 ποιοῦντα
1304 3475 1317 3521 4
1340 3499 1350 3528 r

357 3701 381 3736 -1
397 3706 429 3750 lte
443 3717 492 3761 quo
507 3705 557 3752 vid.
575 3707 648 3762 infru,
663 3721 715 3766 cap.
731 3710 769 3754 lV.

371 3782 382 3816 ²
400 3785 556 3840 Srlunauurc
577 3790 609 3834 De
627 3799 734 3846 persono
750 3787 878 3834 Boeotiis
893 3790 1101 3849 ltonieArr'rtuph.
1116 3792 1255 3854 crumas,
1281 3793 1353 3856 ltclr'q.

341 3876 399 3910 cont.
416 3868 472 3921 ott,
489 3869 531 3912 152
548 3871 636 3926 etseq.
652 3870 752 3924 iiluna,
764 3872 796 3914 De
807 3869 850 3915 vit.
864 3869 998 3927 Arelape..
1015 3871 1027 3931 ἓ
1047 3874 1083 3918 ll.
1099 3873 1141 3919 Tu.
1160 3875 1238 3927 Kocn,
1254 3875 1353 3922 Introd.

341 3943 375 3990 ud
387 3945 459 4002 Rura,
474 3947 503 3991 27
518 3951 603 4006 etseq.
621 3951 663 3995 Eu.
679 3960 710 3994 ou
726 3949 813 4002 illurn,
830 3947 934 3995 Hr'atoa're
945 3948 974 3995 de
986 3947 1012 3996 la
1025 3947 1139 4011 condus,
1159 3955 1177 4010 Ι,
1195 3953 1249 4002 tto.

372 4021 433 4072 3οἰ.
448 4027 610 4084 Barrumnnr,
622 4030 654 4083 11,
670 4026 725 4075 tet.

372 4102 471 4164 luae„
487 4111 524 4158 89.
