3114 5088
647 537 682 550 ..
703 507 788 564 fl·-

198 641 293 704 aetas
335 635 477 725 poeticis
515 634 733 704 decoraverat
772 632 1025 713 venustatibus
1069 619 1225 701 absoluta¹

199 741 371 832 quaedam
397 761 457 831 per
484 761 520 810 se
548 749 582 810 et
623 761 664 810 ex
697 741 873 810 altissimis
908 743 1034 808 mentis
1072 739 1226 809 lontibus

200 849 413 940 deprompta
430 851 482 917 lex
503 849 699 940 apparebat,
717 849 761 917 ad
777 869 879 936 quam
894 849 1122 917 vetustiorum
1136 848 1226 916 rele-

201 955 320 1026 renda
333 965 431 1024 arant
445 964 639 1026 commenta
655 963 688 1024 et
702 976 801 1025 novae
814 955 1001 1046 dirigeudae
1014 955 1179 1024 doctrinae
1198 960 1222 1023 ¹.

204 1066 424 1153 Protagoras,
445 1085 522 1131 eum
547 1077 672 1134 ἁπάντων
685 1079 777 1155 μέτρον
796 1066 972 1134 hominem
998 1083 1074 1132 essa
1092 1065 1222 1152 procla·

205 1177 333 1251 maret,
375 1193 493 1241 vemm
532 1173 726 1260 falsumque
755 1194 774 1240 a
808 1172 1025 1262 singulorum
1069 1171 1225 1240 mutabili

206 1279 322 1347 voluit
349 1279 497 1369 pendere
513 1279 663 1367 judicio:
695 1286 781 1359 esto,
807 1299 1002 1368 quanquam
1032 1279 1066 1347 id
1089 1298 1226 1368 quoque

207 1392 326 1477 potest
354 1386 501 1455 dubitari
519 1393 544 1453 2.
585 1386 649 1454 Sed
687 1407 727 1455 eo
764 1388 839 1476 ipso
872 1388 1006 1455 infinita
1038 1386 1224 1476 cognitioni

207 1494 344 1584 aperuit
359 1495 525 1562 curricula
541 1501 575 1562 et
591 1495 769 1562 scientiam
786 1491 967 1562 hominum
988 1497 1066 1585 juve
1094 1493 1226 1561 dicetur

210 1620 410 1670 renovasse.

258 1710 413 1777 Socrates
439 1708 520 1776 inde
540 1709 676 1798 collegit
700 1709 887 1777 humanam
901 1716 1066 1779 mentem
1094 1709 1225 1777 fontem

212 1835 289 1885 esse
307 1815 525 1884 undcrcrum
542 1817 698 1884 omnium
719 1823 893 1885 emanaret
914 1816 1062 1906 cognitio
1087 1821 1121 1882 et
1149 1824 1225 1904 s'pe·

212 1924 330 1991 culum
346 1923 380 1989 in
394 1943 462 2010 quo
476 1924 645 1991 universae
661 1930 791 1992 naturae
802 1926 914 2013 imago
926 1924 1134 2012 pingeretur.
1150 1924 1225 1991 Non

214 2050 338 2099 sensus
366 2035 469 2118 atque
500 2031 640 2099 affectus
666 2031 860 2110 homiuum,
894 2053 1040 2120 quorum
1073 2027 1225 2099 conditio

213 2141 305 2206 fluxa
318 2145 352 2206 et
364 2138 537 2206 mutabilis
552 2144 616 2217 est,
633 2137 694 2206 sed
708 2139 874 2206 rationem
886 2141 995 2228 ipsam
1011 2139 1045 2206 in
1062 2137 1224 2207 omuibus

213 2267 289 2334 quae
303 2245 346 2312 ad
362 2264 487 2324 mores,
519 2245 718 2333 religionem
739 2253 841 2333 atque
861 2248 1038 2314 seientiam
1050 2247 1224 2334 pertinent

214 2352 446 2422 valereurram
472 2351 699 2420 arbitrabatur
713 2377 722 2432 ;
752 2355 848 2443 eujus
873 2359 963 2421 certo
988 2352 1117 2442 judicio
1146 2371 1223 2439 spe-

215 2463 324 2530 ciosas
353 2460 543 2550 presertim
567 2459 609 2526 de
633 2457 701 2525 diis
721 2460 903 2548 opiniones
928 2459 1083 2550 scilecit,
1114 2459 1160 2524 ita
1188 2464 1225 2523 ut

214 2569 355 2636 infantia
374 2567 481 2635 nostri
504 2567 640 2656 generis
655 2565 772 2633 adulta·
796 2567 955 2636 virilitate
977 2568 1218 2655 corrigeretur,

214 2676 354 2745 virilitas
369 2677 441 2764 ipsa
457 2675 492 2740 in
515 2674 646 2740 ratione
672 2680 804 2740 tautum
828 2682 995 2763 quaereret
1016 2671 1222 2740 subsidium.

259 2784 368 2871 Hujus
384 2788 486 2848 tautae
506 2799 620 2847 rerum
643 2783 798 2846 omnium
828 2781 1059 2850 renovationis
1086 2780 1223 2867 signum

215 2890 296 2960 dare
311 2889 485 2978 sophistae,
504 2885 630 2954 deiude
653 2906 690 2954 ac
712 2888 835 2955 melius
861 2889 1014 2956 Socrates
1039 2895 1111 2954 non·
1127 2892 1224 2974 pote-

217 3005 291 3065 raut
305 2998 387 3086 quin
408 2994 523 3063 stetim
551 2995 752 3082 sequeretur
775 2995 984 3083 perturbatio
1006 3002 1108 3082 atque
1130 2995 1224 3060 inso-

215 3105 297 3172 litus
310 3103 528 3192 ingeniorum
540 3101 713 3189 profectus
731 3107 756 3170 ³.
774 3102 838 3170 seo·
849 3104 970 3170 littaris
983 3109 1085 3189 atque
1094 3099 1226 3168 artibus

215 3231 322 3300 quum
342 3211 513 3278 summam
526 3208 771 3298 perlectionem
800 3210 942 3291 addidit,
973 3228 1108 3277 morum
1126 3206 1225 3274 incli-

124 3319 127 3324 '
215 3318 389 3385 nationem
409 3315 556 3386 celerare
569 3315 663 3382 risus
679 3323 741 3397 est,
761 3324 794 3387 et
814 3318 931 3386 urultis
946 3335 1100 3386 securam
1123 3317 1225 3404 igno-

216 3426 372 3504 rantiam,
401 3440 468 3512 qua
487 3429 587 3490 antea
612 3420 825 3506 fruebantur,
857 3423 1118 3494 desiderabilem
1147 3419 1225 3488 red-

216 3532 313 3599 didit.
344 3531 491 3598 Humani
520 3529 656 3618 generis
686 3534 827 3602 annales
858 3533 1043 3608 evolventi,
1077 3528 1225 3618 querclae

216 3647 412 3736 obstrepere
454 3646 567 3714 solent
588 3661 707 3712 eorum
746 3642 802 3732 qui
841 3639 960 3708 eadem
999 3655 1135 3725 semper
1171 3635 1225 3701 via

216 3754 374 3822 homines
389 3754 498 3822 velint
522 3767 663 3842 pergere
678 3758 713 3819 et
733 3750 982 3818 incrementum
1008 3765 1111 3814 omne
1127 3743 1224 3810 dam-

245 4037 253 4073 ¹
274 4037 310 4088 Cf.
325 4037 421 4096 Eoum,
435 4038 532 4096 carna,
545 4041 606 4102 lrag.
624 4043 678 4089 598.

244 4117 256 4152 ¹
275 4120 369 4178 Therai„
384 4123 428 4169 152
443 4123 472 4174 Α,
484 4126 508 4168 et
523 4122 623 4181 passim.

244 4199 255 4235 ³
272 4204 399 4258 durarem,
416 4201 575 4258 Pottr.,v111,
592 4205 613 4248 5.
