3156 5082
668 530 811 588 „55-

229 657 413 748 prestigiis
435 659 567 748 jooatos
592 679 668 728 esse
695 659 910 729 demonstrat
940 657 1146 743 Alcibiades,
1169 681 1248 732 oum

230 763 407 833 sodalibus
436 766 650 835 sanctissima
678 768 842 855 mysteria
866 768 954 837 inter
988 769 1109 858 pocula
1134 771 1247 839 imita-

229 879 283 940 tas
303 876 326 940 ¹.
341 872 406 942 Sed
423 874 457 940 id
473 875 600 964 ipsum,
618 875 777 962 quianon
791 875 931 965 impune
943 877 1054 966 potuit
1065 878 1245 959 committi,

229 979 315 1048 dum
331 980 432 1070 plena
446 980 581 1050 licentia
591 987 663 1049 erat
678 983 816 1050 comicis
828 983 863 1049 in
877 982 1023 1064 theatro,
1044 984 1245 1074 civibusque

230 1089 392 1156 omnibus
426 1089 460 1155 in
493 1090 625 1178 privato
649 1088 691 1158 de
723 1090 864 1171 Sabazii,
890 1089 1069 1172 Adonidis,
1105 1092 1247 1180 Cybeles

229 1192 445 1285 aliorumque
475 1195 632 1286 ejusdem
661 1198 797 1286 generis
822 1199 1006 1267 numinum
1028 1200 1247 1269 veneratione

230 1303 376 1386 ridendi,
402 1304 622 1374 manifestum
650 1306 689 1373 fit
713 1305 1131 1398 distinctionemsemper
1154 1308 1246 1398 apud

230 1413 459 1490 Athenienses
499 1413 686 1482 invaluisse
725 1415 819 1485 ‘inter
862 1415 963 1484 attica
998 1416 1160 1504 mysteria
1195 1418 1245 1484 le-

230 1519 331 1608 gibus
348 1525 382 1588 et
397 1521 660 1610 magistratuum
683 1522 885 1591 auctoritate
904 1523 938 1589 in
963 1524 1080 1613 patriae
1108 1524 1245 1614 religio-

230 1627 561 1717 niscorpusredaota
577 1632 603 1708 ‘²,
622 1628 955 1698 etadventitiasillas
967 1631 1243 1720 superstitiones,

231 1755 307 1822 quae
332 1734 419 1802 nulli
448 1735 512 1824 legi
542 1736 712 1804 adstrictae
740 1738 796 1804 vix
830 1737 1045 1806 tolerantiam
1074 1736 1243 1826 publicam

231 1841 359 1910 nedum
387 1845 610 1932 patrocinium
633 1844 846 1912 obtinebant.
872 1845 959 1922 Quin
977 1845 1060 1924 imo,
1086 1855 1245 1935 δεισιδαιμο-

228 1967 287 2027 νίας
299 1950 390 2039 apud
407 1951 682 2041 Theophrastum
697 1952 918 2021 celeberrima
934 1953 1058 2033 irrisio,
1072 1954 1243 2048 AEsehinis

229 2079 308 2126 oum
320 2067 427 2127 matre
442 2059 594 2127 ridiculis
610 2060 860 2129 initiationibus
874 2059 987 2128 dantis
1003 2080 1141 2149 operam
1153 2061 1243 2149 apud

229 2167 498 2235 Demosthenem
511 2167 653 2256 effigies
673 2167 889 2236 sacerdotum
906 2167 1056 2255 denique
1075 2174 1108 2236 et
1128 2167 1243 2236 vatici-

230 2281 389 2342 natorum
405 2277 462 2364 qui
480 2277 596 2343 Musaei
614 2275 809 2364 Orpheique
834 2276 1070 2344 commentitio
1086 2275 1161 2343 freti
1176 2297 1240 2343 no·

229 2385 334 2464 mine,
352 2383 516 2452 divitibus
532 2384 721 2474 praesertim
736 2384 927 2474 placamina
938 2384 1064 2452 mentis
1079 2389 1113 2452 et
1124 2404 1243 2474 pecca-

231 2499 341 2560 torum
355 2492 491 2561 veniam
512 2491 763 2571 mercabantur,
782 2492 872 2581 apud
889 2493 1062 2560 Platonem
1081 2511 1236 2572 censura,

230 2621 299 2667 non
327 2601 361 2666 in
397 2600 544 2688 patrium
575 2601 706 2688 Magnae
743 2600 858 2667 Matris
885 2606 919 2669 et
954 2599 1076 2668 Bacchi
1110 2600 1241 2667 cultum

230 2707 369 2787 cadunt,
384 2707 444 2776 sed
456 2707 631 2796 vulgarem
650 2708 969 2796 superstitiosorum
989 2708 1168 2776 stultitiam
1184 2708 1241 2774 de-

230 2815 355 2884 rident.
379 2816 445 2884 Lex
458 2816 551 2883 enim
573 2836 639 2903 qua
653 2815 892 2904 Aristophanis
907 2821 1006 2884 aetate
1023 2821 1159 2883 cautum
1171 2821 1242 2883 erat

229 2943 273 2990 ne
296 2922 557 3012 profanarentur
581 2923 744 3010 mysteria
771 2923 826 2990 vel
847 2923 1070 3012 vulgarentur
1089 2927 1123 3003 ³,
1150 2943 1241 2990 nun-

227 3051 330 3120 quam
342 3031 502 3121 abrogata
515 3037 579 3110 est,
590 3049 703 3118 neque
714 3029 845 3098 destitit
857 3030 975 3098 civitas
988 3038 1064 3119 post
1079 3031 1242 3119 Pelopon-

227 3139 403 3206 nesiacum
419 3138 546 3207 bellum
563 3139 597 3205 in
614 3138 738 3227 impios
757 3137 889 3205 saevire.
908 3138 1110 3205 Aristoteles
1124 3143 1242 3204 auctor

228 3251 280 3313 est
298 3245 311 3292 ⁴
330 3245 542 3333 AEschylum,
559 3265 666 3335 quum
679 3244 767 3313 forte
781 3245 817 3312 in
836 3244 949 3333 aliqua
962 3243 1078 3311 fabula
1097 3243 1241 3312 dixisset

227 3351 356 3442 aliquid
371 3360 430 3421 aut
445 3359 684 3434 monstrasset,
704 3352 797 3442 quod
813 3351 1064 3420 Eleusiniorum
1085 3352 1241 3420 sanctita-

226 3465 296 3528 tem
309 3461 436 3529 violare
457 3459 644 3539 videretur,
662 3461 848 3549 prolanatae
865 3460 1041 3550 religionis
1057 3481 1152 3530 reum
1167 3460 1238 3528 fao-

259 3738 267 3773 ¹
287 3743 438 3798 Panaenum,
453 3739 539 3800 eloth,
557 3744 595 3790 22.

257 3819 269 3854 ²
286 3822 385 3880 Sanan,
399 3823 462 3880 XIV,
479 3825 533 3870 633.
550 3825 654 3879 Annae,
671 3821 780 3883 Mysten,
798 3817 914 3870 tto-tra.

257 3899 335 3952 ³b'on
353 3904 413 3964 quia
431 3905 535 3951 tacenda
552 3907 622 3951 orant
638 3917 695 3962 quar
713 3903 740 3951 in
759 3903 885 3963 mysteriis
905 3906 947 3950 aut
961 3901 1099 3962 agebantur
1114 3905 1157 3950 aut
1170 3901 1239 3950 dico-

226 3983 330 4037 hnntur;
356 3985 398 4031 sod
423 3983 483 4043 quia
508 3985 676 4032 sanctissimas
703 3983 859 4031 carimonias
882 3996 897 4030 n
923 3983 977 4029 trita
1002 3982 1154 4042 quotidianae
1183 3983 1239 4032 viru

225 4065 419 4123 consuetudino,
439 4066 545 4113 audacia
566 4079 709 4114 sermonum
733 4069 776 4112 aut
795 4065 895 4112 levitate
914 4067 977 4110 tutas
991 4076 1043 4110 esso
1063 4077 1161 4123 aequum
1177 4076 1238 4110 aon-

225 4145 317 4193 sebant.
337 4147 372 4194 Cl.
387 4149 508 4204 l'nnnann,
528 4146 673 4209 dralrnryrl.
688 4147 813 4208 lipateria,
829 4147 857 4202 V,
874 4148 915 4194 att
934 4149 957 4192 ot
971 4159 1022 4204 seq.

256 4225 267 4259 ⁴
284 4229 376 4290 aaran,
393 4228 447 4277 dila.
466 4230 569 4288 blicam,
585 4232 626 4286 lll,
643 4233 666 4277 2.
703 4257 708 4268 ·

1026 4308 1043 4362 li
