3114 5088
648 489 788 542 -5e..

212 613 244 678 et
259 609 448 678 Pisthetaeri
463 629 542 678 cum
557 611 697 680 Basileia
721 612 849 700 nuptie
868 611 990 681 eodem
1009 614 1224 683 celebrantur

213 717 358 784 carmine
379 717 472 804 qarod
494 719 604 785 Parcae
628 718 803 806 quondam
827 719 920 788 lovis
948 721 1161 809 lucanisque
1187 723 1222 790 in

213 822 377 892 honorem
394 823 660 892 decantaverant
680 830 702 893 ¹.

252 931 437 1020 Fingamus
448 932 563 999 animo
574 933 722 1000 fabulam
735 934 828 1000 illam
842 935 888 1000 ila
897 933 939 1000 ad
952 955 1015 1002 uos
1025 935 1222 1024 pervenisse

212 1045 246 1105 ut
259 1040 406 1106 auctoris
422 1059 548 1108 nomeu
566 1041 685 1108 lateret
703 1065 709 1105 :
728 1041 805 1128 quis
821 1043 946 1128 estqui
965 1061 1039 1109 eam
1054 1042 1221 1111 facetissi-

211 1165 297 1211 mam
314 1165 389 1214 osse
405 1146 508 1213 simu-l
525 1152 559 1214 et
574 1146 919 1216 audacissimamuon
943 1169 1123 1216 censuram
1143 1155 1220 1216 tan-

209 1257 278 1318 tum
293 1253 352 1319 sed
374 1254 592 1341 negationem
607 1264 800 1344 &sepmeries
823 1253 966 1322 deorum
993 1255 1223 1323 infitiabitur?

208 1359 273 1426 Etsi
286 1359 552 1448 Aristophanem
564 1363 605 1428 cx
618 1361 693 1427 aliis
705 1361 830 1428 fabulis
844 1367 1006 1449 tanquam
1021 1362 1222 1449 religiosum⁴

208 1471 339 1553 poetam
360 1467 534 1547 novimus,
560 1468 642 1554 quid
663 1466 776 1535 obstat
799 1489 858 1535 cur
880 1468 977 1534 illum
1000 1469 1036 1535 in
1058 1475 1220 1536 lethaea

207 1573 314 1660 priore
341 1573 467 1662 pietate
495 1574 677 1642 deflexisse
702 1576 843 1642 omnino
872 1576 1104 1654 affirmemus;
1135 1595 1218 1664 prae-

205 1681 319 1747 sertim
343 1700 422 1747 cum
451 1687 501 1748 tot
521 1681 589 1769 joci
615 1681 710 1748 nullo
734 1684 875 1748 sincerae
895 1681 1070 1769 religionis
1093 1681 1217 1750 indicio

205 1793 447 1874 temperantur,
466 1795 499 1855 et
518 1788 632 1875 lyricis
648 1790 749 1855 etiam
767 1788 975 1855 carminibus
1002 1787 1145 1856 deorum
1161 1807 1216 1854 sa·

204 1913 417 1982 crurumque,
439 1916 588 1982 quorum
611 1897 646 1962 in
666 1895 851 1984 patrocinio
872 1894 1035 1962 collocata
1050 1902 1122 1963 erat
1140 1894 1216 1960 bac-

204 2001 352 2070 chanalis
380 2003 530 2083 lasciuia,
562 2003 636 2069 laus
661 2004 774 2070 omnis
805 2002 923 2069 abest?
958 2006 1082 2067 Actora
1111 2001 1222 2094 igitur

202 2109 398 2189 comoediae,
435 2130 502 2198 qua
537 2109 784 2199 perfectissima
816 2109 1054 2198 Aristophanei
1086 2108 1214 2196 ingenii

202 2217 311 2306 imago
323 2217 534 2306 exprimitur,
545 2221 622 2307 jure
634 2237 819 2306 possumus
834 2216 1003 2284 affirmare
1016 2215 1214 2303 opinionem

201 2331 307 2414 poetae
326 2332 480 2392 exactam
498 2323 541 2392 de
557 2323 718 2392 omnibus
737 2345 814 2411 quaa
834 2323 877 2389 ad
897 2323 1096 2410 religionem
1112 2322 1214 2410 perti-

200 2439 281 2501 nent
308 2433 434 2508 inesse,
463 2439 497 2499 et
527 2433 664 2499 omissis
695 2451 771 2518 quaa
796 2434 1096 2505 commentatores
1126 2427 1213 2494 false

199 2540 308 2629 specie
323 2538 473 2619 abducti,
496 2559 556 2627 pro
572 2559 635 2606 suo
651 2537 789 2605 arbitrio
816 2538 1105 2626 excogitaverunt,
1132 2553 1212 2602 con-

198 2646 337 2744 tenuare
368 2667 540 2714 summam
560 2646 819 2734 Aristophanem
838 2646 919 2711 artis
950 2643 1206 2732 perfectionem,

199 2754 231 2820 in
246 2773 284 2822 ea
299 2755 474 2843 impietate
498 2755 723 2842 acquiescere,
750 2763 827 2842 quae
852 2751 1073 2840 Xenophauis
1092 2750 1229 2836 acerri-¹

198 2881 287 2927 mam
310 2879 502 2942 censuram,
531 2862 748 2949 Platonisque
767 2860 1006 2949 gravissimam
1019 2857 1208 2925 doctrinam
1317 2879 1320 2884 ·

197 2973 346 3056 superet.
375 2967 407 3036 Si
426 2969 661 3057 reputabimus
682 2969 769 3034 circa
794 2967 917 3034 Avium
934 2973 1087 3052 tempora
1103 2964 1207 3030 comi-

195 3095 272 3142 cum
287 3074 498 3142 familiariter
512 3075 689 3142 Socraticis
705 3073 765 3152 uti,
782 3072 863 3139 etin
881 3074 1040 3137 Ccaotoiu
1058 3070 1116 3136 illo
1132 3070 1208 3136 Pla-

195 3182 307 3249 tonico
328 3182 589 3250 honestissimas
604 3182 691 3250 tueri
705 3185 831 3269 partes,
855 3195 971 3243 nonne
983 3174 1098 3243 licebit
1110 3174 1206 3241 colli-

195 3309 272 3377 gere
290 3310 381 3370 eum,
400 3297 500 3358 exuta
519 3289 672 3357 archaice
689 3289 823 3377 pietate,
852 3285 1039 3352 amicorum
1064 3301 1205 3349 suorum

194 3395 341 3463 scientiae
370 3397 522 3464 extitisse
544 3397 756 3484 participem,
783 3400 815 3461 et
839 3393 1004 3461 comicam
1026 3391 1206 3459 necavisse

194 3521 331 3590 Operam
348 3510 385 3570 111
403 3535 414 3566 t
433 3513 578 3576 Διιπολιώδη
592 3517 637 3571 καὶ
651 3519 771 3590 nealpha
787 3516 926 3593 ἀνάμεστα
941 3515 955 3557 2
973 3536 983 3565 a
1011 3504 1206 3569 0011111161]ῑᾶ

194 3609 361 3678 ecivitate
382 3610 607 3678 tollerentur?
735 3675 740 3686 ,

237 3717 345 3782 Pauca
364 3736 405 3785 ex
433 3721 616 3800 Lysistroto
640 3722 675 3783 et
703 3721 1047 3800 Thesmophortozost's
1061 3713 1105 3782 ad
1129 3734 1205 3802 pro-

193 3821 343 3912 positum
366 3829 523 3891 nostrum
549 3824 629 3891 licet
651 3843 782 3904 eruere,
807 3824 872 3890 nisi
900 3821 991 3913 quod
1007 3822 1204 3890 infelicitate

222 4069 317 4131 uam,
338 4074 407 4120 ruer.

222 4149 309 4202 ’Noc
324 4151 379 4202 act.
