3156 5082
799 535 958 592 ..12ss-

369 660 506 740 ductus,
527 657 730 728 comoediam
757 659 905 749 perfecta
939 679 1001 728 sna
1024 659 1160 728 civitate
1186 660 1381 739 excluserit,
1487 655 1495 660 ’
1563 641 1564 652 ’

367 755 635 856 Aristophanem
652 772 767 833 lamen
786 765 924 832 maximi
946 766 1025 834 fecit
1050 772 1190 854 propter
1205 765 1384 854 ingenium

368 879 402 940 et
432 873 584 940 convicia
623 873 657 939 in
703 874 907 962 magistrum
937 872 1017 940 olim
1050 877 1212 962 congesta
1241 873 1384 942 omnino

368 979 492 1048 deinde
508 979 663 1048 oblivisci
678 984 737 1046 ant
757 997 919 1046 excusare
930 979 1024 1046 visus
1034 985 1097 1046 est.
1110 979 1270 1047 Attamen
1280 979 1385 1046 comi-

367 1089 494 1156 cumin
509 1091 668 1155 Convicio
686 1085 913 1154 disserentem
931 1085 976 1153 ita
992 1084 1124 1152 inducit
1139 1091 1177 1152 ut
1190 1104 1230 1153 ex
1247 1107 1385 1175 compa-

368 1195 499 1263 ratione
514 1194 572 1260 fiat
592 1192 827 1270 manifestum,
857 1197 1025 1280 quantum
1047 1191 1194 1259 Socratis
1218 1192 1383 1281 sapientia

366 1302 497 1370 facetiis
516 1301 724 1370 comicorum
747 1301 949 1390 sapientiam
962 1300 1214 1388 aucupantibus
1230 1306 1381 1390 praestet.

369 1411 419 1477 lta
435 1409 525 1478 enim
540 1429 577 1476 se
590 1428 644 1476 res
659 1407 763 1476 babet
781 1432 788 1474 :
806 1427 870 1475 neo
882 1404 1124 1474 obstabitillud
1136 1405 1224 1475 bene
1235 1407 1357 1476 scitum
1373 1431 1380 1474 :

371 1543 387 1578 ιι
403 1516 548 1604 castigat
559 1514 703 1582 ridendo
714 1534 847 1592 mores;
864 1539 880 1575 ι)
896 1517 929 1580 et
944 1513 1083 1598 Dionysi
1094 1497 1354 1581 celeberrimum
1372 1539 1379 1580 ε

372 1625 545 1712 «liudpr->dia
555 1637 634 1705 αὐτή,
646 1635 676 1689 τὸ
684 1635 783 1710 γελοῖον
793 1634 998 1710 προστησαμένη
1009 1631 1139 1706 φιλοσοφεῖ
1152 1631 1174 1701 13
1187 1652 1197 1680 ι
1212 1619 1295 1706 quin
1307 1639 1385 1712 sen-v

368 1730 511 1797 tentiam
531 1734 683 1795 nostram
699 1732 815 1815 aperte
836 1725 1068 1815 profiteamur.
1086 1725 1137 1792 Ad
1157 1727 1373 1814 sapientiam,

365 1835 579 1925 probitatem,
598 1834 708 1902 bonos
731 1853 857 1912 morea,
880 1833 1023 1899 virtutes
1045 1831 1197 1920 publicas
1210 1835 1378 1920 privatas-

367 1962 434 2030 que
454 1945 487 2008 et
498 1941 694 2008 divinorum
711 1946 901 2028 respectum
924 1959 993 2005 non
1008 1938 1107 2006 datur
1120 1938 1258 2007 comicis
1275 1939 1380 2006 infor·

368 2066 461 2114 mare
486 2047 631 2124 animoa,
661 2046 726 2111 nisi
749 2046 874 2134 proprii
902 2045 953 2111 sni
968 2044 1079 2134 operis
1106 2044 1215 2122 obliti,
1242 2035 1380 2110 fastidia

368 2151 461 2240 vulgi
494 2149 639 2239 experiri
666 2149 798 2228 malint,
817 2149 882 2216 nisi
911 2149 1068 2218 doctores
1093 2150 1171 2218 facti
1201 2149 1236 2216 in
1263 2171 1377 2230 scena,

364 2269 567 2349 τρυγοδαίμονες
583 2261 596 2304 2
610 2276 686 2325 esse
697 2256 866 2324 desinant.
882 2257 952 2323 Etsi
962 2255 1064 2324 eliam
1076 2257 1168 2325 haud
1181 2257 1287 2325 semel
1299 2259 1380 2325 artis

365 2366 564 2454 suaelegem
590 2363 764 2452 professus
798 2371 849 2431 est
875 2363 1134 2451 Aristophanes
1172 2366 1217 2432 ita
1251 2373 1377 2444 tamen,

365 2493 444 2540 cum
456 2471 497 2538 ad
516 2492 589 2540 ram
603 2472 712 2559 ipsam
730 2477 873 2537 ventum
889 2475 953 2550 est,
975 2470 1011 2535 in
1028 2469 1163 2559 proprio
1184 2493 1246 2540 suo
1268 2471 1379 2539 officio

364 2578 527 2658 constitit,
549 2587 585 2645 ut
602 2579 721 2646 comici
734 2577 860 2646 famam
891 2577 954 2645 sibi
970 2583 1049 2644 ante
1073 2578 1188 2645 omnia
1210 2597 1382 2667 compara·

365 2685 420 2752 rit.
449 2686 539 2752 Reus
577 2690 705 2763 noster,
733 2683 796 2752 hac
828 2684 936 2752 fultus
960 2683 1103 2764 ratione,
1139 2705 1209 2752 nou
1244 2684 1378 2752 indem-

363 2797 465 2858 natus
481 2790 595 2858 solum
610 2789 671 2859 sed
685 2796 866 2859 coronatus
875 2789 1004 2879 judicio
1019 2798 1138 2858 nostro
1161 2791 1279 2859 exibit.

346 2895 355 2906 '
406 2898 438 2964 Si
468 2907 582 2964 tamen
606 2918 675 2965 non
697 2895 923 2986 denegabitur
949 2916 1105 2965 recessus
1136 2919 1273 2985 quoque
1298 2896 1376 2964 illos

363 3004 555 3071 animorum
590 3009 695 3092 atque
715 3004 863 3072 latebras
895 3008 1084 3092 penetrare,
1108 3003 1234 3092 quibus
1257 3004 1378 3071 comici

363 3131 500 3200 egressa
515 3111 686 3200 cogitatio
700 3117 881 3199 postquam
899 3129 1011 3179 rerum
1031 3111 1280 3199 bominumque
1295 3133 1377 3179 con-

365 3218 584 3306 templatione
595 3224 766 3285 commota
777 3224 829 3285 est
843 3223 876 3286 el
888 3215 931 3283 ad
939 3217 1108 3284 tristitiam
1121 3218 1214 3284 illam
1222 3218 1378 3286 traducta

361 3345 438 3410 quae
454 3320 624 3391 demedio
644 3324 800 3411 jocorum
817 3322 912 3390 fonte
932 3344 1072 3412 surgere
1092 3324 1191 3403 solet,
1207 3324 1249 3391 ad
1285 3309 1373 3414 opus

266 3437 270 3445 '
362 3449 464 3497 suurn
481 3428 655 3516 proprium
673 3447 748 3495 sese
760 3429 968 3516 comparavit
983 3430 1149 3510 alacriter,
1163 3431 1376 3520 reperiemus

360 3535 638 3623 Aristophanem,
657 3533 760 3601 dubia
784 3542 818 3602 et
838 3555 958 3603 manca
980 3536 1128 3624 primum
1146 3537 1270 3626 pietate
1287 3537 1370 3604 sub-

361 3643 493 3720 nixum,
513 3640 595 3709 deos
619 3648 721 3728 atque
748 3662 844 3709 sacra
873 3642 915 3708 ud
942 3642 1134 3710 fabularum
1163 3643 1377 3732 propositum

360 3755 516 3827 vertare;
535 3747 627 3825 dein,
650 3748 868 3817 adolescente
886 3749 1058 3837 paulisper
1084 3749 1228 3829 ratione,
1251 3747 1374 3817 cartem

360 3854 587 3928 immoderato
611 3854 726 3921 derisu
750 3856 921 3943 prosequi,
944 3855 1054 3923 donec
1083 3855 1377 3943 philosophorum

390 4117 398 4156 ἲ
419 4125 489 4169 bron.
505 4120 600 4176 llario,
618 4121 649 4168 Do
663 4125 732 4168 Orut.
747 4114 797 4184 sp,
814 4119 832 4178 I,
850 4119 885 4168 ll.

389 4201 400 4235 ¹
418 4203 491 4253 uuo..
507 4207 562 4251 296.
