3114 5088
794 497 935 554 ..32-

349 627 448 716 jocus
467 623 1097 716 ί11115[1019511111111111151111111111111111
1109 623 1384 716 magisPhidiae,

354 733 455 826 paulo
465 741 672 803 antenotata
688 748 807 824 παροόνῳ
820 732 982 816 dicatum,
993 753 1096 824 quam
1109 734 1144 801 in
1154 733 1254 804 deam
1263 735 1385 825 ipsam

354 839 456 910 cadit.
475 841 555 918 Quae
574 847 779 929 sequuntur,
797 840 920 910 eodem
936 842 1097 910 instincta
1124 842 1260 933 spiritu,
1289 841 1384 910 ridi-

354 947 429 1016 cula
445 947 548 1016 simul
564 954 598 1017 et
613 947 882 1038 religiosissima,
901 948 1090 1018 ostendunt
1111 955 1284 1039 quatenus
1303 951 1384 1018 sin-

354 1075 430 1126 cera
443 1055 553 1145 pictas
568 1053 659 1145 apud
679 1056 898 1146 ingeniosum
914 1057 1083 1148 populum
1100 1055 1280 1126 comoediae
1294 1078 1383 1147 pos-

353 1165 595 1252 sltoongruere
607 1162 698 1252 stylo
712 1171 746 1232 et
757 1165 944 1255 proposito.
960 1165 1129 1255 Effingcre
1142 1163 1242 1232 nobis
1256 1163 1378 1244 liceat,

354 1271 526 1340 Lndovioo
541 1271 615 1340 XIV
627 1277 807 1360 regnante,
826 1271 946 1340 eadem
963 1270 1102 1341 lascivia
1117 1277 1255 1364 poetam
1268 1293 1379 1341 usum

353 1380 459 1448 fuisse
484 1379 517 1446 in
544 1378 683 1446 Mariam
708 1379 899 1469 virginem,
927 1380 981 1449 cui
998 1379 1104 1448 Gallia
1123 1399 1233 1468 nuper
1261 1378 1381 1447 dicata

353 1487 485 1556 luerat:
512 1507 596 1554 num
613 1486 798 1577 impietatis
813 1486 941 1556 crimen
960 1487 1126 1577 potuisset
1143 1486 1262 1566 vitare,
1284 1506 1376 1553 num

353 1594 548 1683 religiosam
565 1595 668 1662 simul
688 1596 891 1684 civilemque
907 1613 1088 1664 censuram
1104 1593 1282 1682 effugere?
1299 1593 1376 1660 lm-

353 1701 513 1792 plctatcm
527 1703 691 1771 tamenin
706 1703 760 1770 his
773 1707 937 1788 liqaitam
951 1700 1108 1770 versibus
1121 1700 1247 1768 frustra
1261 1699 1376 1788 requi-

353 1829 419 1891 ras,
437 1811 495 1898 qni
511 1815 630 1879 contra
644 1809 789 1879 alacrem
810 1809 1010 1899 quamdam,
1039 1807 1181 1876 liberam
1202 1807 1307 1876 simul
1335 1813 1376 1876 et

352 1917 521 2006 integram
551 1917 751 2006 religionem
781 1917 1004 1998 denuntiant,
1031 1937 1135 2006 quom
1165 1917 1272 1985 Graeol
1303 1916 1372 1984 soli

354 2031 536 2104 noverunt,
556 2031 590 2093 et
605 2023 804 2112 quotidiana
819 2025 898 2093 vitae
916 2023 1166 2093 consuetudine
1187 2023 1269 2093 su'nt
1289 2045 1372 2114 pro-

352 2130 445 2198 fessi.
468 2131 578 2220 Hujus
604 2131 750 2220 plurima
774 2132 837 2199 alia
859 2131 1065 2202 documenta
1081 2132 1115 2198 in
1134 2136 1299 2216 liquatam
1316 2131 1371 2198 fa-

352 2237 431 2305 bula
461 2242 695 2319 occurrenti,
727 2258 839 2327 neque
868 2239 1050 2329 indignum
1083 2245 1273 2308 memoratu
1305 2238 1373 2306 erit

352 2345 443 2434 quod
459 2366 580 2414 omnes
598 2345 669 2415 iere
685 2347 830 2415 actionis
847 2352 988 2437 partesa
1007 2345 1271 2436 precationibus,
1294 2345 1371 2414 reli-

352 2454 454 2542 gione
467 2458 501 2521 et
520 2453 657 2522 lascivia
674 2461 859 2546 temperate
875 2455 1089 2535 consociatis,
1110 2454 1291 2544 incipiunt.

397 2561 524 2650 lnjuria
538 2561 641 2649 igitur
654 2563 687 2628 in
705 2563 921 2631 oraculorum
943 2561 1037 2629 illam
1061 2561 1365 2639 deformationem,

352 2667 476 2734 fabulae
492 2666 552 2747 illi,
572 2689 647 2756 qnae
661 2669 739 2737 licet
750 2670 792 2736 ad
808 2671 906 2739 civile
923 2669 1040 2738 tendat
1055 2669 1280 2759 propositum,
1293 2668 1368 2735 reli-

352 2776 445 2863 giosa
461 2781 574 2864 potest
593 2775 723 2857 lrahori,
741 2777 919 2859 intextam,
937 2777 1122 2866 impietatis
1141 2776 1270 2845 crimen
1291 2774 1367 2862 quis

348 2882 591 2971 jaciat:quam
620 2904 915 2974 supervacaneum
949 2890 1001 2952 cst
1034 2882 1144 2950 fusius
1171 2882 1364 2973 explanare.

353 2989 574 3059 Germanicus
589 3000 718 3075 auctor,
738 2992 772 3059 in
792 2991 990 3060 doctissimo
1018 2988 1145 3070 libello,
1175 2987 1368 3078 colligenda

352 3097 466 3165 omnia
495 3105 528 3168 et
557 3100 773 3190 explananda
803 3098 939 3168 oracula
968 3098 1025 3165 illa
1049 3095 1197 3176 curavit,
1227 3095 1368 3185 adjectis

351 3227 428 3292 quaa
454 3227 494 3275 ex
527 3213 623 3288 Pace,
657 3211 774 3292 Vespir,
803 3213 987 3289 Lysistroto
1011 3212 1045 3273 et
1073 3209 1218 3272 Nubibus
1244 3203 1369 3272 similia

352 3312 432 3380 hnic
452 3319 616 3398 Equitem
631 3315 705 3382 loco
722 3312 928 3382 conferenda
953 3320 1035 3381 sunt
1053 3317 1077 3380 ³.
1107 3312 1368 3381 Distinctionem

351 3419 430 3487 iecit
450 3420 539 3489 inter
558 3420 694 3489 oracula
713 3441 790 3510 qnae
808 3421 851 3490 de
880 3442 942 3490 sno
967 3424 1045 3512 jure
1073 3421 1213 3490 inventa
1239 3419 1368 3510 profert

383 3715 389 3750 ¹
414 3719 482 3766 1168.

380 3798 392 3833 ²
413 3801 467 3849 vid.
484 3801 557 3858 1919,
574 3799 681 3862 hymnos
697 3801 724 3852 in
744 3799 851 3865 Neptuni
870 3801 1037 3865 Minervaque
1051 3802 1190 3874 honorem
1208 3802 1249 3855 551
1262 3806 1286 3854 et
1297 3811 1364 3864 sene

352 3884 392 3929 581
411 3888 434 3930 at
449 3895 515 3942 seo:
531 3884 633 3943 passim,
652 3887 704 3942 158,
723 3889 775 3942 589,
795 3889 848 3944 576,
866 3891 919 3936 763.
937 3886 1366 3950 Ci.(l.ltocx,1lristoplr.unddie

352 3964 441 4010 tloetter
451 3963 491 4011 dea
509 3962 703 4024 Vollrploutenc,
715 3981 740 4027 p.
755 3971 794 4016 89.

380 4041 391 4075 ³
410 4046 552 4100 Bnnronrn,
567 4047 599 4091 lle
610 4047 689 4093 celcra
704 4047 820 4095 cornoedio
830 4049 884 4096 deoc
899 4049 1030 4108 irridente,
1044 4063 1068 4108 p.
1088 4052 1115 4097 19
1130 4054 1217 4108 etseq.
1238 4049 1294 4096 Loci
1306 4052 1365 4095 sunt

350 4125 441 4186 nquit..
463 4129 517 4183 tao,
540 4128 593 4182 197,
608 4127 661 4186 797,
680 4128 734 4185 962,
756 4131 824 4186 1011,
847 4132 916 4187 1930,
941 4133 1009 4187 1951,
1025 4133 1092 4187 1980,
1118 4133 1190 4186 laam
1213 4131 1280 4186 Pon,
1297 4131 1365 4185 1993,

287 4201 288 4206 ’
352 4206 425 4262 loom
447 4206 520 4265 Veep..
540 4210 600 4264 1583
614 4208 724 4272 11111111,
741 4212 799 4268 779;
816 4210 889 4269 olna,
905 4210 948 4266 lm
965 4210 1039 4270 11119,
1057 4214 1111 4260 598.
