3114 5088
748 505 888 560 ...12-

312 619 406 711 nare,
424 650 593 700 noverum
619 651 734 700 rerum
754 630 856 700 taedio
886 633 920 699 et
941 627 1066 698 erroris
1086 631 1193 695 metu.
1223 628 1270 693 lta
1288 647 1326 695 se

312 759 384 808 ram
411 737 572 808 babuisse
601 738 693 828 apud
708 738 949 818 Athenienses
977 740 1055 826 poet
1083 734 1211 802 Medica
1237 733 1325 802 bella

311 848 459 936 antiquae
483 846 660 936 religionis
686 851 789 934 atque
814 836 1008 933 disciplinae'
1037 841 1224 932 patrocinio
1256 851 1325 908 tarn

314 954 472 1044 praeclare
491 953 655 1033 confecta,
675 957 812 1021 nonest
830 949 1038 1020 mirandum.
1069 948 1325 1018 Recentioribus

312 1066 426 1128 tamen
441 1057 484 1127 de
500 1059 734 1150 sophistarum
748 1058 888 1127 audacia
904 1056 1165 1136 disserentibus,
1183 1055 1324 1124 circum-

314 1172 430 1255 specto
444 1172 496 1232 est
506 1164 635 1255 judicio
649 1164 817 1234 utendum
837 1169 861 1245 ¹,
881 1166 935 1234 vel
950 1164 1027 1234 ideo
1047 1163 1140 1253 quod
1153 1162 1235 1232 inde
1251 1162 1325 1228 Pla-

315 1274 427 1342 tonica
445 1272 610 1351 doctrina,
630 1294 707 1362 quae
727 1274 827 1341 sinon
844 1278 951 1341 totam
973 1280 1007 1340 at
1034 1277 1124 1342 certe
1142 1271 1326 1338 maximam

316 1380 465 1449 veritatis
480 1386 608 1470 partem
631 1382 664 1447 in
682 1379 807 1448 divinis
833 1380 1062 1469 humanisque
1077 1379 1236 1468 dispexit,
1253 1398 1328 1467 pro-

314 1487 389 1556 tluit
408 1512 414 1554 :
431 1493 464 1555 ct
480 1493 600 1554 natura
620 1488 665 1554 ita
680 1495 914 1576 comparatum
940 1493 993 1555 cst
1018 1493 1055 1555 ut
1075 1507 1169 1555 error
1194 1505 1330 1574 semper

301 1594 355 1662 ,ad
373 1594 513 1662 rationis
536 1600 636 1663 rectae
658 1594 840 1684 imperium
861 1593 1142 1663 constituendum
1165 1613 1323 1662 necessa-

315 1703 387 1771 rius
403 1703 459 1770 sit.
641 1765 644 1774 ,

361 1812 482 1888 Parnm
509 1817 623 1880 tamen
645 1812 679 1877 in
697 1809 961 1878 'commutandis
981 1811 1176 1878 Graeoorum
1199 1810 1329 1898 opinio-

316 1917 418 1985 nibus
434 1919 632 2006 proiecisset
659 1917 889 2006 philosophia,
916 1917 982 1984 nisi
1014 1917 1138 2006 vulgus
1161 1915 1328 2004 quodam·

315 2024 418 2092 modo
435 2024 611 2092 habuisset
625 2024 768 2102 socium,
789 2024 853 2090 nisi
876 2024 992 2113 patrita
1012 2024 1186 2114 religionis
1214 2024 1329 2112 inopia

315 2138 417 2220 atque
442 2131 590 2199 inanitas
622 2131 829 2220 sapientium
861 2129 1060 2220 disciplinas
1087 2152 1106 2199 e
1134 2131 1262 2200 scholis
1293 2131 1328 2197 in

315 2240 441 2328 templa
456 2244 624 2307 vocasset.
648 2241 811 2328 Prospere
836 2259 915 2307 cum
942 2239 1057 2307 omnia
1076 2238 1264 2308 succedunt
1294 2244 1328 2307 et

317 2346 350 2414 id
366 2346 475 2416 teneri
494 2347 572 2415 vitae
586 2346 793 2416 curriculum
806 2352 931 2435 potest,
952 2347 987 2414 in
1006 2367 1073 2435 quo
1101 2346 1329 2436 praesentibus

317 2453 447 2543 abrepti
472 2461 506 2521 et
522 2455 601 2538 laeti,
622 2475 739 2522 curam
771 2476 910 2524 ornnem
934 2461 1035 2542 atque
1053 2454 1262 2522 anxietatem
1286 2453 1329 2523 de

316 2561 440 2628 futuris
456 2581 634 2629 removere
649 2583 846 2651 possumus,
863 2563 986 2650 exigua
1007 2581 1085 2650 pars
1108 2562 1216 2629 nostri
1244 2561 1330 2628 divi·

318 2685 439 2735 narum
467 2687 581 2734 rerum
613 2667 725 2735 studio
766 2667 981 2754 relinquitur.
1027 2669 1331 2738 Verumonimvero

316 2772 469 2842 adversis
481 2772 689 2841 instantibus
700 2779 733 2840 et
744 2772 953 2860 quotidianae
966 2773 1112 2842 miserim
1125 2778 1331 2864 praevalente

320 2882 536 2971 cogitatione,
571 2901 672 2971 supra
707 2881 957 2949 humanitatem
984 2881 1138 2950 escendit
1168 2885 1329 2960 animus;

318 2989 360 3056 ad
390 2989 474 3058 deos
513 3011 600 3078 qnos
642 2990 707 3058 sibi
745 2988 924 3059 constituit
957 2988 1144 3080 adjutores,
1174 2990 1332 3080 precibus

319 3095 471 3186 confugit
489 3103 514 3164 2.
528 3097 603 3165 Non
614 3096 803 3166 beatiorem
816 3099 1077 3178 tantumvitam,
1091 3097 1151 3166 sed
1163 3099 1332 3168 moriendi

319 3225 397 3272 curn
428 3205 674 3293 tranquillitate
708 3225 804 3293 spem
835 3204 986 3293 expetit;
1016 3227 1093 3293 quae
1121 3204 1186 3273 nisi
1214 3206 1333 3296 religio

319 3310 526 3400 suppeditat,
540 3309 670 3377 inutilis
681 3309 828 3378 videtur.
842 3311 892 3377 lta
913 3311 1047 3391 heroes,
1070 3317 1189 3400 utpote
1202 3312 1333 3402 origine

320 3435 381 3483 sua
411 3416 546 3484 mortali
582 3417 770 3485 conditioni
806 3418 994 3507 propiores,
1033 3426 1067 3489 et
1094 3421 1237 3489 deorum
1267 3422 1333 3510 ipsi

318 3523 485 3591 auxilium
500 3524 643 3613 experti,
663 3523 788 3593 divinis
811 3532 892 3593 sunt
922 3517 1113 3598 honoribus
1133 3529 1330 3597 consociati.

320 3631 508 3699 ltaexterae
540 3632 812 3720 superstitiones
844 3635 997 3702 novitate
1025 3635 1329 3716 commendabiles

318 3737 466 3825 antiquis
478 3743 512 3805 et
526 3737 712 3826 gentilibus
725 3739 829 3808 sacris
846 3741 1123 3809 commiscentur.
1142 3742 1329 3810 Circumvi·

349 3942 358 3977 ¹
380 3943 572 4002 [uindicarent
591 3945 734 4004 peritissimi
752 3947 779 3993 iu
796 3946 884 3996 litteris
904 3949 991 4008 graecis
1005 3947 1127 4008 magistri.
1149 3949 1205 3996 vid.
1222 3953 1332 4009 praesart.

318 4023 412 4164 Gaprn,
429 4023 488 4071 not.
507 4011 572 4072 olla
586 4023 667 4080 ortae,
686 4029 701 4073 t.
715 4027 767 4084 xil,
784 4030 827 4076 169
838 4030 862 4076 ot
872 4041 923 4088 seq.
936 4028 981 4077 dui
994 4029 1127 4078 assumitur
1139 4029 1230 4087 Lnnm,
1246 4023 1331 4090 Popul.

321 4104 358 4152 Au
370 4105 453 4161 soetze,
470 4103 524 4152 lll.

351 4179 362 4214 ²
380 4183 415 4230 Gr.
433 4184 511 4233 titudo
521 4196 567 4233 rur
578 4183 611 4234 tes
625 4182 732 4246 dimoto,
745 4189 784 4237 ch.
800 4189 840 4238 lv.
