3114 5088
648 560 790 617 -51-

217 685 398 765 Lysistratc
412 680 456 748 ad
475 700 606 770 pacem,
629 683 676 750 ita
695 683 738 752 ad
760 684 970 753 deditionem
987 684 1178 757 faciendam
1193 696 1228 760 et

216 789 395 877 imperinm
434 787 665 858 abdicandum
704 799 869 882 cogantur
887 790 911 860 1'.
953 795 1225 884 Xenophaneum

215 889 296 962 illud
319 896 356 960 in
379 894 631 983 mythologiam
658 893 901 986 argumentum
924 905 1071 968 Nubibus
1090 925 1228 990 qnoque

214 1001 436 1070 retractandis
458 1001 636 1070 adhibebit
661 1005 919 1094 Aristophanen,
942 1007 1111 1096 siquidem
1133 1013 1226 1092 Iase-

212 1116 282 1177 rior·
306 1132 429 1189 sermo,
453 1112 663 1199 argutiarum
691 1113 1013 1202 impudentissimus
1038 1115 1223 1204 professor,

212 1218 336 1286 illustri
350 1219 443 1286 lovis
459 1219 618 1308 exemplo
632 1219 806 1290 adulteros
822 1221 970 1289 absolvit
987 1226 1012 1290 ².

255 1325 455 1413 Quanquam
480 1325 585 1393 Graeci
605 1347 674 1394 non
700 1325 821 1395 eadem
846 1327 1026 1396 severitate
1049 1348 1087 1396 ac
1109 1349 1174 1396 nos
1189 1329 1225 1395 in

213 1430 365 1498 moribus
392 1430 588 1498 coercendis
617 1430 813 1512 utebantur,
831 1453 944 1521 neque
958 1435 1065 1503 amori
1085 1443 1226 1523 corpora

212 1539 319 1627 magis
334 1557 439 1625 quam
456 1537 756 1628 animosjungenti
774 1540 843 1608 ulla
858 1527 998 1609 infamia
1011 1537 1131 1621 inerat,
1151 1550 1225 1609 stu·

212 1665 270 1734 pra
287 1651 415 1722 tamen,
439 1643 619 1724 adulteria,
635 1665 821 1733 puerorum
840 1667 988 1728 amores
1008 1669 1067 1736 pro
1086 1647 1225 1738 flagitiis
1279 1707 1281 1712 .

211 1751 315 1840 vulgo
335 1749 562 1836 habebantur,
587 1751 622 1817 iu
641 1772 719 1840 quaa
743 1753 849 1841 leges
868 1755 1036 1842 majorum
1052 1754 1221 1834 instituta,

212 1857 497 1947 philosophorum
511 1855 697 1946 disciplinae
712 1864 771 1925 aut
783 1879 902 1947 poenas
918 1858 1149 1938 decreverant,
1159 1863 1225 1926 aut

211 1983 349 2054 gravem
363 1964 583 2033 intenderant
598 1985 790 2034 censuram.
807 1966 868 2033 Illa
880 1972 995 2034 tamen
1016 1966 1222 2054 flagitiorum

212 2091 335 2162 genera
351 2072 394 2138 ab
408 2072 539 2160 origine
558 2073 603 2139 ita
624 2073 819 2162 theogoniae
843 2074 979 2142 lucrant
1001 2072 1165 2151 admixta,
1186 2077 1226 2140 ut

211 2186 298 2248 recta
313 2179 520 2268 praevalente
538 2181 680 2261 ratione,
696 2180 910 2269 sapientibus
925 2163 1006 2248 viris
1019 2179 1224 2269 praecipnam

212 2283 1225 2376 infamandaereligionissuppeditaverintmateriam;deinde

213 2395 374 2462 comicam
399 2413 549 2482 quoque,
575 2395 779 2462 necessitate
806 2392 953 2480 quadam
979 2392 1103 2479 operis,
1121 2391 1223 2457 lasci-

214 2503 299 2568 viam
326 2501 563 2589 prouocarent.
591 2497 748 2568 Addebat
765 2497 924 2567 stimulos
944 2499 1016 2587 ipsa
1035 2481 1222 2594 Ilaccbana-

214 2608 295 2674 lium
322 2607 470 2676 ebrietas
494 2611 528 2674 et
554 2606 704 2685 licentia,
720 2626 796 2694 quae
821 2604 946 2694 flagitIa
969 2601 1084 2670 omnia
1109 2599 1225 2670 diviua

215 2715 391 2783 videbatur
401 2713 603 2781 auctoritate
614 2718 729 2800 tegere
740 2716 774 2780 et
784 2711 999 2800 voluptatum
1012 2710 1226 2776 inflammare

215 2822 400 2890 illecebras
420 2822 459 2887 Et
474 2821 554 2907 qnia
576 2819 662 2885 nibil
679 2819 789 2907 magis
811 2818 905 2906 vulgi
923 2815 1076 2884 favorem
1092 2819 1225 2903 captare

215 2926 357 3006 ualebat,
374 2926 558 3014 imaginem
570 2925 714 2992 deorum
726 2922 888 2990 humanis
901 2921 992 2990 vitiis
1006 2919 1225 3010 flagrantium

215 3054 320 3122 usque
337 3030 378 3098 ad
390 3031 565 3099 fastidium
579 3032 698 3100 comici
712 3027 968 3118 expresserunt,
981 3026 1227 3116 Aristophanes

216 3143 327 3207 minus
347 3139 461 3207 forsan
489 3159 591 3228 quam
615 3138 728 3220 ceteri,
749 3137 830 3204 satis
847 3141 962 3202 tamen
980 3138 1018 3201 ut
1039 3133 1142 3221 bujns
1162 3134 1227 3198 im-

218 3247 347 3334 pietatis
362 3266 432 3313 non
453 3245 622 3313 diceretur
637 3265 778 3333 expers;
801 3262 903 3332 quam
923 3233 1228 3328 lepidissime'etsi

217 3352 373 3434 breviter,
391 3373 469 3420 cnm
486 3351 676 3420 Pisthetaeri
693 3348 836 3418 consilio
854 3347 962 3417 voluit
980 3345 1158 3434 quadrare.

258 3457 468 3548 Jejuniorum
494 3458 597 3546 igitur
615 3459 851 3545 omni'genere
866 3453 907 3520 ad
921 3452 1033 3520 foedus
1048 3472 1126 3519 eum
1146 3451 1226 3518 Avi·

217 3563 278 3631 bus
294 3563 489 3631 iaciendum
514 3563 731 3652 compellitur
755 3562 943 3649 Olympus:
971 3558 1069 3625 adest
1098 3557 1159 3623 Iris
1184 3555 1227 3623 ad

218 3670 372 3737 homines
387 3670 504 3748 missa,
517 3689 604 3757 quos
621 3668 664 3736 de
680 3657 852 3734 sacrificiis
868 3668 1120 3741 commoneret;
1137 3681 1229 3729 com-

218 3777 388 3868 prehensa
414 3776 457 3845 ab
484 3773 625 3856 Avibus,
653 3775 741 3842 iuter
770 3773 965 3861 clangorem
993 3776 1027 3838 et
1041 3768 1229 3836 tumultum

218 3885 309 3953 urbis
326 3885 380 3952 cui
393 3896 505 3974 udlspcc
522 3897 552 3951 ου’
568 3895 648 3970 φατὸς
669 3894 737 3971 πρὸς
751 3894 822 3954 θεοὺς
842 3878 1039 3968 suscipitur,
1062 3879 1141 3942 ante
1158 3872 1229 3940 PlS·

247 4124 255 4159 ¹
276 4127 330 4182 Aa..
343 4127 387 4173 566
401 4129 424 4172 at
441 4137 492 4183 seu.

247 4203 344 4254 ¹Nub..
362 4208 430 4252 1080.
