3114 5088
758 508 898 564 ‚52-

326 643 509 714 thctaerum
523 639 698 728 comparet
715 639 740 716 ¹,
755 631 938 702 ridiculum
954 629 990 696 in
1001 625 1145 695 modum
1157 631 1341 704 exornata,

326 759 429 838 (πλοῖον
444 760 460 822 t
475 765 540 820 aare
551 751 577 832 ς)
595 739 756 810 conviciis
778 744 812 805 et
828 737 931 805 minis
954 733 1112 804 obruitur
1130 739 1165 800 et
1183 731 1272 798 inter
1279 732 1344 820 ju-

323 853 571 924 candissimam
588 845 830 936 tragoediarum
843 852 992 933 ααρῳδίαν,
1008 861 1115 930 quum
1131 839 1244 928 impiae
1259 837 1346 906 civi·

324 961 385 1029 tati
404 957 681 1028 terriculamenta
699 951 890 1032 adhiberet,
920 957 954 1018 et
974 947 1164 1018 deformata
1186 944 1345 1032 AEschyli

324 1069 513 1156 majestate,
549 1062 716 1131 lustitiam
752 1064 910 1128 evocaret
945 1077 1065 1147 poenas
1101 1053 1341 1144 repetiturum,

323 1172 396 1242 lovi
420 1170 571 1237 minatur
594 1167 815 1236 Pisthetaerus
840 1165 1027 1248 interitum,
1053 1169 1088 1232 et
1103 1181 1224 1251 parum
1242 1159 1345 1226 abest

324 1279 421 1367 quin,
434 1275 527 1344 Jovis
542 1275 712 1362 exemplo,
729 1271 809 1341 iridi
830 1271 893 1361 ipsi
913 1271 983 1338 vim
999 1269 1145 1339 inierat:
1167 1272 1344 1336 veterator

325 1386 418 1454 enim
443 1382 581 1451 novisse
605 1400 642 1448 se
671 1380 848 1468 profitetur
884 1377 1005 1468 quanti
1041 1373 1242 1445 aestimenda
1269 1373 1343 1440 sint

326 1489 461 1578 Olympi
473 1486 619 1555 fulmina
636 1490 662 1553 2.

369 1591 532 1664 Accendit
554 1597 718 1682 praeterea
730 1597 765 1660 et
781 1591 934 1660 stimulat
948 1591 1072 1659 Avium
1092 1589 1238 1667 animos,
1257 1587 1341 1654 Pro-

326 1701 486 1769 metheus
507 1697 685 1767 fabulosus
707 1698 800 1767 Jovis
825 1696 1053 1777 adversariuS,
1076 1695 1135 1783 qui
1151 1693 1343 1762 Nubicucu-

325 1808 407 1875 liam
421 1806 509 1874 olam
527 1805 656 1886 invisit,
674 1805 783 1895 capite
797 1803 962 1872 obvoluto
976 1806 1011 1872 et
1030 1801 1217 1871 umbellam
1242 1799 1341 1868 vultu

326 1912 558 2002 pretendens,
578 1931 623 1980 ne
642 1911 684 1978 ab
706 1911 864 1999 Olympio
888 1911 1117 2000 conspiciatur
1144 1908 1286 1976 domino
1304 1911 1340 1986 ³;

327 2018 383 2085 hio
405 2017 558 2105 inopiam
582 2016 738 2096 deorum,
764 2016 864 2084 lamis
890 2018 1072 2096 cruciatus,
1094 2022 1265 2084 extremas
1279 2013 1343 2081 ob-

327 2141 503 2191 sessorum
524 2120 712 2210 augustias,
739 2119 962 2190 barbarorum
977 2122 1162 2189 numinum
1186 2119 1343 2187 rebellio-

328 2248 409 2297 nem
434 2234 581 2308 enarrat,
614 2234 648 2295 et
678 2228 800 2296 suadet
832 2229 1033 2297 Pisthetaero
1060 2249 1104 2298 ne
1131 2227 1173 2294 ab
1205 2228 1343 2315 incepto

328 2334 482 2416 desistet,
508 2337 709 2424 priusquam
728 2340 902 2424 sceptrum
926 2335 1019 2404 Jovis
1044 2335 1185 2415 Avibus,
1210 2332 1344 2419 sibique

328 2459 375 2515 τὸν
397 2455 534 2531 paralelos
555 2461 709 2524 Ultorem,
733 2458 798 2533 ἥπερ
816 2456 930 2532 ταμιεύει
952 2457 998 2511 τὸν
1012 2456 1138 2533 κεραυνὸν
1159 2460 1206 2509 τοῦ
1220 2455 1282 2516 Διὸς
1298 2454 1343 2509 καὶ

327 2556 401 2616 τᾶλλ’
418 2559 603 2627 ἁπαξάπαντα
618 2550 863 2636 impetraverit.
890 2550 1094 2618 Promethea
1115 2548 1290 2636 excipiunt
1308 2547 1343 2613 in

328 2672 431 2722 scena
450 2652 565 2740 legati,
584 2652 643 2741 qui
666 2651 710 2720 de
735 2674 818 2742 pace
841 2654 1020 2744 jungenda
1032 2655 1075 2724 ad
1090 2656 1215 2724 Avium
1232 2659 1344 2722 recto·

328 2779 402 2827 rem
414 2758 456 2825 ab
469 2759 635 2848 Olympiis
647 2761 844 2828 mittuntur.

373 2865 510 2955 Legatio
541 2865 598 2931 illa
615 2865 648 2946 4,
675 2866 926 2954 jucundissimo
958 2874 1068 2957 poetae
1097 2868 1240 2936 consilio
1276 2873 1344 2935 tres

329 2971 506 3062 conjungit
532 2971 615 3041 deos
639 2973 686 3040 ita
715 2972 865 3043 delectos
892 2982 930 3044 ut
957 2975 1035 3043 aula
1062 2975 1175 3042 omnis
1206 2974 1341 3057 divina,

328 3078 439 3166 qualis
455 3079 683 3147 recentiorum
697 3081 880 3149 numinum
897 3089 931 3150 et
940 3088 1134 3151 exterorum
1149 3080 1344 3149 accessione

328 3184 514 3252 constituta
532 3191 615 3266 erat,
633 3186 756 3255 eodem
778 3188 1012 3255 involveretur
1031 3187 1191 3255 ludibrio.
1208 3189 1256 3254 De
1271 3187 1343 3253 Tri·

328 3291 430 3371 ballo,
448 3288 591 3357 barbaro
611 3290 686 3374 (leo,
706 3311 809 3380 supra
819 3294 891 3381 jam
904 3295 985 3362 satis
1005 3293 1154 3376 diotum;
1180 3294 1343 3362 Hercules

327 3403 406 3485 post
436 3394 611 3462 homerica
644 3401 799 3486 tempora
826 3400 862 3464 in
893 3400 1078 3490 Olympum
1106 3407 1277 3491 receptuS,
1310 3404 1345 3466 et

328 3505 464 3590 propter
487 3501 722 3570 fortitudinem
739 3504 1031 3576 immortalitatem
1046 3511 1263 3587 consecutae,
1283 3504 1344 3574 sed

328 3608 458 3698 origine
475 3628 536 3675 sua
555 3615 590 3677 et
612 3609 802 3680 manifestis
825 3613 980 3680 mortalis
1007 3614 1085 3681 vitae
1105 3613 1257 3702 vestigiis
1278 3612 1343 3678 hu-

328 3715 485 3783 manitati
517 3718 667 3808 propior,
697 3719 843 3788 heroum
867 3727 1019 3792 ceterum
1044 3727 1210 3809 patronus
1242 3725 1345 3806 atquo

360 3918 371 3954 ¹
389 3923 432 3970 Aa.
451 3925 512 3971 1202
525 3928 610 3986 etseq.

357 3999 414 4050 loe
427 4015 477 4064 quo
491 4005 575 4053 contar
586 4006 641 4065 Aa,
658 4007 774 4057 tre-svo.

357 4080 452 4141 ³1htd.,
467 4083 527 4132 liet
541 4090 565 4132 ot
578 4099 629 4146 seq.

358 4161 369 4196 ⁴
387 4164 460 4222 rma,
479 4169 536 4212 isos
553 4173 576 4213 er
592 4181 643 4228 seq.
