3156 5082
677 531 817 588 ..83-

238 663 396 746 tramque
409 656 544 724 anxiam
572 655 839 725 sollicitudinem
854 657 989 724 intersit
1014 681 1021 724 :
1040 654 1133 726 unde
1150 654 1258 726 mani-

238 765 360 838 festior
379 764 418 830 fit
437 783 532 832 error
547 784 666 832 eornm
681 763 740 852 qui
755 769 826 830 tam
837 763 972 832 diversa
986 764 1076 833 inter
1087 784 1124 833 se
1139 766 1260 833 volne-

238 880 322 940 runt
336 871 490 940 conferre
510 877 543 939 et
556 871 797 959 Aristophanis
816 871 1027 960 impietatem
1050 873 1085 939 in
1102 872 1255 940 christia-

241 998 366 1047 norum
382 977 619 1067 exemplorum
636 978 825 1066 patrocinio
846 977 1023 1046 collocare.

285 1087 360 1153 Non
373 1087 502 1174 majore
514 1085 768 1154 existimatione
788 1084 894 1174 digna
912 1090 965 1154 est
995 1085 1170 1154 distinctio
1196 1104 1262 1174 qua

240 1192 461 1262 Germanicus
477 1198 606 1266 auctor,
629 1198 880 1280 parumnotus,
906 1191 1033 1281 alioqui
1058 1192 1208 1261 disertus
1228 1199 1262 1261 et

242 1300 324 1367 satis
340 1299 491 1387 elegans,
509 1297 652 1366 crimine
668 1298 839 1387 praecipuo
850 1299 958 1366 nostri
973 1299 1175 1388 religionem
1190 1299 1262 1368 vin·

242 1408 354 1476 dicare
379 1413 522 1476 conatus
554 1411 649 1474 est1.
672 1406 854 1475 Contendit
878 1407 970 1475 enim
996 1407 1261 1497 Aristophanem

242 1533 344 1604 quam
360 1515 614 1582 accuratissime
639 1513 822 1602 populares
848 1513 932 1582 deos
953 1521 987 1583 et
1001 1515 1193 1606 praesertim
1208 1534 1261 1583 re·

243 1629 369 1702 centes
396 1623 440 1688 ah
455 1622 497 1688 iis
512 1641 599 1709 quos
613 1637 752 1711 πατρῴυυς
769 1621 948 1689 nominare
972 1642 1047 1689 mos
1063 1628 1134 1690 erat
1150 1642 1263 1711 segre-

243 1750 353 1820 gasse,
375 1729 444 1796 illis
462 1734 597 1796 tanturn
623 1748 777 1796 censurae
800 1750 871 1796 suaa
892 1728 1050 1797 intulisse
1071 1728 1259 1818 flagellum,

243 1858 350 1926 quum
366 1837 431 1926 hos
454 1837 628 1904 immunes
646 1843 679 1904 et
694 1835 877 1905 inviolatos
894 1835 1079 1924 reliquerit.
1098 1834 1193 1912 Quod
1204 1855 1264 1924 per

244 1965 281 2012 se
297 1944 435 2012 difficile
463 1949 580 2032 posset
613 1942 751 2010 delendi
782 1942 849 2010 nisi
878 1943 961 2010 satis
990 1943 1107 2010 subtili
1132 1941 1192 2010 sed
1223 1962 1262 2012 ea

244 2052 327 2119 falsa
351 2051 634 2140 interpretatione
656 2051 841 2120 verborum
872 2070 1055 2140 rerumque
1082 2052 1260 2120 niteretur.

246 2162 306 2228 Per
324 2174 463 2248 πατρῴους
478 2158 570 2226 enim
591 2157 673 2226 deos
690 2179 760 2226 nen
780 2157 873 2225 idem
892 2178 968 2226 esse
997 2157 1261 2246 intelligendum

245 2267 289 2333 ait
304 2271 422 2334 auctor
435 2285 539 2354 quam
559 2265 587 2332 si
602 2279 732 2353 πατρίους
744 2284 844 2332 voces
859 2289 865 2331 :
882 2285 1000 2355 πατρῷαι
1014 2264 1164 2332 habendi
1179 2271 1260 2332 sunt

246 2374 364 2462 Apollo
384 2379 515 2440 tantum
531 2381 633 2461 atque
658 2374 820 2451 Minerva,
839 2392 950 2462 neque
964 2373 1094 2462 Jupiter
1112 2374 1186 2462 ipse
1201 2372 1262 2440 hu-

241 2483 299 2571 jus
314 2481 465 2550 nominis
478 2481 610 2549 honore
625 2480 785 2569 dignatur
800 2484 827 2547 2.
843 2479 939 2558 Quod
956 2480 1042 2546 mihi
1058 2500 1127 2547 non
1144 2500 1264 2570 appro-

247 2588 339 2656 bavit
358 2593 525 2656 auctorat
541 2595 712 2658 vereorut
731 2589 890 2677 cuiquam
910 2588 1020 2677 possit
1040 2587 1260 2677 persuadere.

248 2698 474 2785 Praeterquam
497 2694 588 2784 quod
602 2697 732 2784 Jupiter
748 2716 885 2784 quoque
900 2716 991 2785 saepe
1001 2711 1117 2786 πατρίου
1135 2715 1262 2764 nomen

247 2803 472 2891 usurpaverit,
490 2823 561 2870 non
592 2802 712 2871 eodem
736 2811 848 2870 tamen
867 2823 970 2871 sensu
985 2823 1086 2890 quam
1107 2802 1263 2891 Apolloa

247 2907 1264 3004 quogenusducebantAthenienses,numtandemMinerva

248 3021 348 3102 atque
358 3016 479 3103 Apollo
492 3037 567 3103 qum
578 3016 650 3084 sole
663 3036 742 3084 vere
758 3036 871 3106 πατρῷα
884 3015 1026 3082 numina
1041 3016 1162 3083 volunt
1173 3034 1261 3091 esse,

248 3122 485 3210 Aristophanis
495 3129 755 3211 ceterorumque
769 3123 978 3191 comicorum
991 3123 1113 3210 impias
1125 3120 1263 3188 cavilla-

248 3231 358 3296 tiones
369 3230 563 3318 effugerunt
580 3236 593 3296 ‘t
609 3230 704 3306 Quod
720 3229 763 3297 ad
780 3228 973 3318 Apollinem
994 3229 1126 3306 attinet,
1149 3232 1264 3295 utrum

248 3343 504 3425 casuanpoetae
520 3335 698 3405 voluntate
724 3358 793 3405 non
819 3336 928 3404 habeo
955 3356 1023 3424 que
1051 3336 1150 3417 nitar,
1173 3356 1263 3403 nun-

251 3463 352 3531 quam
369 3447 442 3533 ejus
458 3463 639 3532 personam
659 3445 897 3532 Aristophanis
910 3444 944 3510 in
958 3443 1083 3511 fabulis
1097 3443 1265 3533 prodiisse

249 3551 483 3620 adnotandum
514 3557 577 3632 est,
607 3571 719 3638 neque
748 3571 788 3618 ex
810 3551 1019 3638 reliquorum
1053 3552 1262 3619 comicorum

249 3659 491 3747 superstitibus
502 3658 704 3746 fragmentis
720 3658 774 3725 vol
791 3656 1040 3726 comediarum
1053 3659 1162 3725 titulis
1175 3657 1265 3724 affir-

251 3764 1264 3854 maripotestillumunquamcomioeincessisse.Dequoin-
1356 3777 1362 3784 ·

279 3969 289 4004 ¹
309 3973 451 4028 Banasam,
470 3984 511 4030 op.
527 3971 579 4025 cit..
595 3984 621 4029 p.
638 3973 650 4015 7
664 3974 687 4017 et
700 3985 751 4030 seq.

279 4051 341 4100 ²lle
360 4067 410 4113 quo
431 4053 482 4100 vid.
502 4054 587 4109 Pham,
608 4052 713 4114 aceyo,
737 4057 783 4101 392
803 4055 829 4101 l).
850 4053 908 4110 Ζεὺς
921 4054 941 4102 δ’
960 4055 1018 4114 ἡμῖν
1038 4057 1150 4117 πατρῷος
1172 4052 1264 4114 μὲνού

249 4135 367 4190 καλεῖται,
383 4136 477 4199 ἑρκεῖος
494 4133 521 4180 δὲ
541 4133 582 4181 καὶ
601 4133 722 4198 φράτριος,
737 4135 765 4182 V.
782 4135 869 4182 Scnor..
884 4136 988 4190 Vnum„
1005 4133 1039 4180 act
1061 4131 1145 4190 Iliae,
1161 4135 1192 4188 ll,
1209 4134 1261 4178 att.

251 4215 400 4271 Haeremus,
414 4215 445 4261 ad
462 4228 486 4261 v.
501 4218 565 4276 τρεῖς
581 4214 641 4270 θεοὶ,
657 4218 680 4260 et
690 4217 796 4274 Ponnux,
811 4217 947 4272 onomast,
963 4216 1024 4270 Vlll,
1040 4213 1092 4262 tte.
