3156 5082
661 549 802 608 ..69-

218 680 500 771 Aristophanem,
523 678 669 749 civitatis
684 678 901 749 admonitum
916 680 1176 770 calamitatibus
1193 683 1237 753 ad

219 798 367 887 priscam
391 797 553 886 pietatem
579 796 722 866 rediisse
744 802 778 866 et
803 817 865 885 pro
896 818 958 865 sua
979 805 1086 888 parte,
1105 797 1234 869 Cereris

221 905 370 994 patrium
388 906 518 972 cultum
538 904 750 986 extollendo,
768 904 811 971 ad
830 906 999 995 majorum
1019 907 1238 976 consuetudi-

222 1030 302 1078 nem
318 1011 410 1078 cives
426 1012 578 1080 uoluisse
602 1031 773 1081 revocare.
797 1009 895 1079 Adde
918 1010 1011 1098 quod
1032 1011 1087 1080 lex
1116 1025 1174 1103 apt
1188 1032 1236 1082 aar

221 1135 376 1212 ἁπορῥήτων
403 1120 458 1190 vix
475 1121 586 1210 potuit
605 1121 639 1188 in
664 1119 1018 1208 Thesmophoriorum
1031 1119 1232 1189 celebratio·

221 1247 301 1296 uem
317 1227 436 1297 cadere
451 1252 459 1308 ;
478 1248 555 1316 quaa
571 1227 709 1296 feminis
739 1227 901 1296 omnihus
916 1227 1124 1310 communia,
1143 1229 1235 1299 viros

220 1333 359 1424 quidem
375 1335 548 1417 arcebant,
566 1336 625 1406 sed
642 1336 737 1410 fideli
762 1342 833 1404 tuta
858 1336 994 1405 silentio
1019 1356 1130 1424 neque
1158 1337 1233 1406 fue-

221 1448 422 1532 runtnequa
433 1444 714 1513 essevoluerunt.
724 1447 869 1536 Α’πόρῤητα
880 1444 908 1512 si
923 1443 1188 1533 quaedamerant
1205 1447 1231 1527 ¹,

220 1572 297 1640 quaa
310 1552 423 1639 qualia
443 1539 570 1620 fuerint
589 1574 658 1620 non
674 1553 771 1621 facile
784 1559 836 1621 est
851 1553 949 1634 scitu,
965 1554 1130 1622 oaomnia
1143 1555 1233 1624 Aris-

220 1659 389 1748 tophanes
404 1681 482 1728 cum
503 1661 649 1729 innocua
664 1661 889 1740 cavillatione,
907 1661 1091 1730 mulierum
1105 1663 1232 1730 intem-

219 1769 407 1856 perantiam
422 1777 592 1859 carpente,
604 1769 755 1860 prudens
766 1775 800 1837 et
815 1769 945 1838 facetus
969 1771 1186 1860 pretermisit
1203 1777 1227 1837 ².

220 1873 307 1941 lllud
325 1881 458 1945 tantum
472 1877 660 1946 concedere
674 1899 810 1966 aequum
829 1878 904 1958 erit,
929 1878 1115 1968 imaginem
1130 1879 1230 1949 femi-

219 2002 294 2052 neae
309 1984 444 2072 pietatis
471 1986 514 2054 ab
533 1987 764 2076 Aristophane
788 1986 916 2055 editam
936 1987 1039 2077 longe
1059 1987 1230 2057 diversum

219 2111 296 2160 esse
310 2092 352 2159 ab
377 2095 538 2183 opinione
554 2116 674 2164 eorum
686 2097 745 2184 qui
769 2116 931 2164 arcanum
947 2094 1076 2166 Cereris
1101 2095 1231 2164 cultum

219 2200 373 2270 moribus
384 2203 509 2272 favisse
522 2205 625 2272 castis
638 2203 789 2273 credant.
804 2202 868 2271 Sed
881 2222 1025 2273 censura
1035 2204 1144 2292 magis
1153 2202 1233 2272 inde

219 2308 483 2380 Atheniensium
499 2332 600 2401 quam
615 2319 724 2402 poetae
739 2312 897 2401 impietas
912 2312 1102 2400 colligetur.

271 2429 444 2491 hortorum
450 2424 523 2512 jam
535 2439 637 2511 supra
652 2421 867 2510 propositum
878 2420 1055 2508 attigimus
1066 2420 1230 2487 etBacchi

219 2552 374 2626 personae
402 2529 616 2619 interpretati
649 2549 770 2596 sumus
806 2527 1104 2617 significationem.
1134 2527 1231 2596 Plura

218 2649 333 2710 tamen
344 2637 502 2707 addenda
515 2637 674 2705 velimus.
691 2636 719 2702 N
722 2656 766 2703 on
779 2637 826 2702 ita
841 2633 980 2702 difficile
990 2633 1054 2704 erit
1063 2635 1232 2703 rationem

217 2744 361 2817 reddere
381 2765 448 2834 quo
469 2744 611 2812 consilio
638 2749 672 2811 et
698 2743 823 2832 quihus
852 2742 1098 2831 cogitationum
1113 2743 1231 2810 amba-

218 2855 317 2946 gibus
338 2853 461 2921 ductus
490 2851 736 2940 Aristophanes
760 2851 848 2918 sicut
879 2850 1161 2940 Thesmophoria,
1185 2851 1232 2920 ita

217 2962 388 3032 Eleusinia
404 2981 482 3029 cum
500 2960 628 3028 comica
655 2958 758 3026 simul
775 2956 930 3024 libertate
953 2962 986 3024 et
1016 2957 1135 3046 patriae
1150 2958 1232 3027 reli·

216 3069 328 3158 gionis
344 3073 502 3157 respectu
522 3066 739 3156 expresserit.

264 3180 447 3265 Postquam
475 3174 626 3262 AEschyli
646 3193 688 3242 ex
703 3173 821 3240 inferis
846 3171 1034 3241 reducendi
1056 3177 1158 3260 atque
1183 3172 1230 3240 ita

217 3285 387 3376 Euripidis
403 3283 550 3354 vexandi
564 3284 716 3374 suscepit
730 3282 912 3350 consilium
934 3280 1097 3361 comicae,
1111 3299 1230 3349 neces·

217 3395 305 3464 sario
328 3394 477 3483 quodam
503 3392 607 3459 modo
635 3389 881 3459 obversabatur
906 3389 1080 3456 memoriae
1102 3386 1230 3456 fabula-

217 3523 294 3571 rum
315 3503 433 3582 series‚
447 3493 573 3590 quibus
589 3500 734 3568 heroum
754 3497 796 3565 ad
809 3499 984 3566 Avernum
1000 3495 1186 3564 descensus
1200 3503 1233 3568 et

217 3612 417 3679 umbrarum
441 3607 593 3678 evocatio
613 3605 704 3696 apud
728 3605 842 3695 epicos
870 3604 1085 3694 tragicosque
1114 3609 1232 3694 poetas

216 3718 461 3788 illustrabatur.
490 3714 625 3784 Nullius
651 3714 722 3782 fere
754 3711 995 3802 pervulgatum
1022 3711 1132 3801 magis
1161 3717 1233 3780 erat

216 3827 280 3894 iter
313 3847 417 3914 quam
455 3823 609 3892 Herculis
642 3842 744 3910 quam
777 3819 933 3888 ferebant
964 3825 1042 3908 post
1074 3821 1232 3886 Centauri

215 3934 345 4003 caedem
378 3930 560 4001 Eleusiniis
584 3929 758 3998 initiatum
792 3927 1099 4018 purificatumque,
1124 3948 1228 4008 ropac

245 4183 254 4220 ¹
276 4185 375 4241 Pham„
392 4187 448 4232 ³63.

244 4265 256 4299 ²
274 4267 350 4328 mc,
363 4269 410 4317 629
426 4273 511 4330 etseq.
