3114 5088
631 519 771 578 47„

192 643 319 714 similis
334 645 538 729 Alcibiades,
556 647 584 716 si
596 668 666 716 non
682 649 755 735 ipse
765 651 950 740 apponendos
969 649 1129 719 facinoris
1144 649 1209 719 dici

192 759 310 844 potest
331 760 461 836 auctor,
488 755 688 845 perhibetur
715 764 829 826 tamen
852 758 943 826 inter
961 758 1081 848 epulas
1103 759 1208 848 impia

190 849 386 931 imitatione
410 881 522 931 sacras
555 863 787 933 initiationum
818 865 1031 934 caerimonias
1060 865 1208 935 dedeco-

193 989 290 1038 rasse
309 973 333 1038 ¹.
353 969 470 1040 Critias
484 967 645 1059 denique,
662 971 721 1060 qui
736 992 825 1040 unus
845 992 865 1040 c
888 971 1046 1062 trigentis
1072 971 1210 1040 futurus

192 1081 279 1152 erat.
295 1076 433 1144 acrioris
459 1077 588 1167 ingenii
611 1078 663 1146 vir
691 1098 795 1168 quam
819 1087 857 1147 ut
887 1080 990 1148 Niciae
1017 1080 1210 1149 imitaretur

193 1184 462 1274 simplicitatem,
494 1183 626 1254 sedda
661 1185 857 1275 reipublioae
889 1192 991 1269 statu,
1018 1189 1073 1256 cui
1103 1187 1211 1277 patria

193 1291 316 1382 religio
331 1291 590 1360 stabilissimum
606 1293 788 1382 praestabat
814 1293 1091 1376 fundamentum,
1119 1294 1231 1363 solli-v

193 1401 296 1481 citus,
315 1426 332 1462 «
347 1405 454 1468 totam
466 1398 510 1468 de
525 1399 590 1468 diis
607 1401 858 1470 immortalibus
873 1403 1073 1492 opinionem
1092 1402 1207 1470 fictam

193 1529 273 1578 esse
287 1507 329 1576 ab
345 1507 545 1577 hominibus
561 1508 772 1598 sapientibus
801 1509 995 1599 reipublicae
1023 1531 1137 1590 causa,
1169 1515 1208 1578 ut

194 1636 284 1706 quos
326 1617 410 1684 ratio
454 1636 523 1684 non
567 1623 685 1706 posset
723 1636 782 1686 eos
821 1617 863 1684 ad
900 1618 1050 1691 officium
1093 1616 1211 1707 religio

194 1723 335 1793 duceret
353 1728 379 1803 ²,
400 1751 416 1786 »
433 1725 468 1791 in
488 1724 652 1814 tragonis
677 1725 911 1814 proclamavit.
936 1727 1039 1815 Cujus
1060 1731 1204 1794 senten·

195 1831 278 1898 tiam
290 1831 501 1921 demagogos
512 1852 649 1920 quoquo
660 1831 857 1901 defendisse
870 1832 1056 1901 verisimile
1072 1838 1136 1912 est,
1151 1831 1211 1920 qui

196 1937 341 2006 deorum
375 1937 589 2008 adversarios
616 1960 687 2007 suae
720 1939 899 2008 ambitioni
934 1939 1042 2008 obniti
1082 1938 1211 2008 intelli-

195 2045 333 2136 gebant,
353 2066 487 2115 necnon
517 2047 649 2136 equites
666 2047 744 2116 illos
772 2053 805 2116 et
818 2059 977 2138 ὀλιγαρχίας
993 2043 1205 2127 defensores,

195 2154 254 2242 qui
268 2153 468 2243 religionem
490 2153 645 2222 traditam
663 2175 682 2223 a
699 2154 852 2244 patribus
871 2153 1037 2223 adversus
1050 2154 1205 2244 philoso-

197 2261 344 2351 phorum
377 2261 507 2330 tuendo
542 2261 727 2345 doctrinm,
761 2283 822 2352 pro
855 2282 892 2330 se
927 2267 1029 2350 atquc
1064 2261 1207 2350 imperio

196 2370 344 2459 proprio,
362 2369 634 2459 speciequadam
649 2369 798 2459 pietatis,
818 2368 1042 2436 novatoribus
1066 2367 1204 2436 obviam

197 2475 302 2544 ibant.
321 2477 419 2545 Pauci
437 2475 626 2545 admodum
642 2483 749 2556 erant,
775 2476 834 2564 qui
857 2497 936 2543 oum
962 2475 1209 2566 Aristophanes

196 2583 327 2652 fabulas
350 2586 384 2652 in
412 2604 513 2653 scena
537 2584 659 2653 docere
693 2585 852 2664 instituit,
884 2584 1140 2673 superstitionis
1172 2588 1207 2651 et

197 2690 421 2760 dubitationis
456 2699 624 2782 expertes
667 2712 749 2782 pura
776 2698 892 2762 mente
919 2698 953 2758 et
981 2693 1114 2780 integra
1138 2689 1208 2758 fide

196 2799 300 2866 vitam
319 2819 417 2868 suam
431 2794 465 2867 in
477 2801 602 2869 veteris
618 2801 792 2890 roligionis
804 2799 1011 2868 collocarent
1033 2797 1151 2877 tutela,
1174 2806 1209 2866 et

197 2926 272 2974 cum
297 2907 458 2996 AEschylo
488 2908 614 2997 tragico
639 2907 725 2975 illud
757 2906 1056 2983 deliberationum,
1092 2925 1208 2995 preca-

198 3013 341 3097 tionum,
353 3015 570 3105 negotiorum
581 3015 736 3086 omnium
749 3014 885 3081 initium
898 3014 1154 3102 auspicarentur
1172 3019 1207 3080 3:

307 3205 313 3218 ·
415 3185 534 3260 Δήμητερ
551 3184 567 3243 ἡ
584 3180 704 3260 θρέψασα
717 3185 765 3242 τὸν
782 3181 844 3257 ἐμήν
864 3181 954 3258 φρένα,

414 3273 492 3335 Εἶναί
506 3299 537 3355 pr
552 3285 601 3336 τῶν
621 3286 671 3336 σῶν
690 3275 763 3346 ἄξιον
779 3279 943 3356 μυστηρίων.

242 3569 398 3660 Athenis,
414 3571 581 3648 aPariclis
601 3571 875 3668 tempestatibus,
898 3571 1021 3668 triplex
1047 3576 1120 3646 erat
1137 3577 1210 3644 stn-

200 3683 333 3754 diorum
346 3693 449 3775 atquo
463 3687 666 3776 opinionum
682 3685 828 3776 publice,
851 3683 894 3754 de
908 3705 977 3774 qua
994 3684 1108 3753 solum
1132 3683 1212 3753 licet

227 3900 236 3934 ¹
255 3901 407 3958 Pcurnncs„
426 3901 511 3960 Ateio,
534 3905 571 3960 ll,
588 3905 627 3950 22.
648 3905 751 3958 iunco,
776 3904 807 3949 De
823 3903 965 3962 mpsur.,1,
982 3905 1018 3950 ll.
1035 3901 1103 3957 Luc,
1125 3897 1210 3947 ll-tt.

198 3983 317 4037 lanoso..
334 3985 374 4041 Vl,
388 3987 425 4032 28.

227 4062 239 4096 ²
255 4065 349 4122 Crosa„
365 4068 424 4113 Not.
450 4068 520 4114 deor.
543 4068 562 4123 l,
581 4066 618 4114 la.
642 4066 678 4115 Gi.
701 4065 774 4114 Puer.
798 4067 876 4126 Low,
893 4067 924 4123 ll,
940 4078 964 4124 p.
982 4067 1027 4113 889
1044 4065 1071 4112 E.
1087 4063 1211 4118 Wneuua,

199 4145 296 4203 Fropm.
312 4152 387 4207 trop,
403 4148 443 4208 111,
460 4160 485 4206 p.
502 4150 555 4196 lot.

229 4221 241 4257 ³
258 4226 329 4282 dua..
344 4229 399 4275 886.
