3156 5082
664 522 698 534 -
719 491 771 549 tet
790 523 825 533 -

237 623 378 690 enectus
393 619 583 688 Tantalust
598 623 663 690 eto.
680 645 697 681 »
715 621 795 698 Quae
808 619 837 688 si
852 619 1027 688 neminem
1041 619 1155 688 Romae
1170 622 1253 686 tunc

238 733 379 809 terrent,
397 747 438 796 ex
454 727 497 796 iis
516 733 577 813 qut
590 713 951 813 physico'didioeruut,
976 725 1061 794 haut
1079 723 1138 794 diu
1155 730 1251 814 post·
1360 775 1365 784 .

238 855 342 924 quam
357 855 377 904 e
390 835 614 925 Pythagoreis
626 836 766 906 inventa
778 835 925 918 inerant,
940 832 1084 902 Athenis
1092 833 1165 922 jem
1176 829 1251 900 des-

238 941 376 1012 titerant
391 942 516 1012 timeri.

283 1049 390 1118 Multo
417 1049 570 1120 acerbior
599 1056 652 1118 est
685 1047 776 1140 apud
800 1048 1065 1139 Aristophanem
1093 1047 1167 1138 ejus
1193 1067 1250 1114 se-

239 1157 375 1247 pientiae
394 1156 505 1225 irrisio
516 1177 592 1245 qua
608 1177 677 1225 uon
692 1155 791 1224 novis
807 1154 1027 1244 dogmatibus
1039 1154 1250 1223 homericam

237 1264 438 1354 religionem
466 1264 651 1354 locupletet
670 1269 705 1332 et
725 1262 874 1352 corrigit,
892 1261 955 1331 sed
981 1259 1138 1331 funditus
1154 1281 1247 1330 ever·

239 1379 310 1441 tere
337 1371 534 1461 aggreditur
550 1395 559 1451 ;
574 1391 654 1438 cum
677 1389 744 1460 qua
760 1377 875 1438 tamen
902 1389 973 1438 non
999 1368 1035 1436 in
1057 1388 1097 1438 eo
1116 1373 1250 1436 tanturn

236 1478 409 1548 consentit
432 1476 526 1568 quod
552 1477 706 1546 ridiculis
739 1475 870 1546 facetiis
904 1475 1130 1546 deformando
1157 1495 1252 1546 sacra

237 1586 426 1674 antiquitus
442 1585 575 1669 tradita,
594 1583 700 1653 fidem
725 1583 890 1674 paulatim
915 1584 1034 1653 eximit
1059 1582 1247 1664 mentibus,

234 1693 297 1762 sed
312 1693 403 1782 quod
417 1693 577 1782 quaedam
591 1714 633 1763 ex
649 1690 784 1782 ejusde
804 1691 932 1759 divinis
953 1691 1075 1780 placite
1102 1711 1164 1780 pro
1178 1691 1250 1758 suis

235 1821 306 1868 non
330 1797 465 1868 dubitat
478 1819 668 1870 assumere.
691 1801 738 1868 lte
756 1790 825 1890 quo
851 1797 991 1868 uberius
1004 1796 1248 1870 disserendum

236 1915 301 1977 cst.

711 2223 773 2289 §2

280 2481 407 2570 Exque
424 2483 654 2572 Anaxagoras,
673 2480 866 2549 lonicorum
882 2482 1039 2550 omnium
1054 2483 1159 2551 armis
1174 2482 1248 2552 ins·

236 2594 378 2670 tructus,
396 2587 611 2656 subtiliorem
625 2575 810 2678 quamdam
820 2589 863 2657 de
879 2589 999 2658 mundi
1015 2589 1248 2680 ordiueatque

235 2695 368 2784 legibus
383 2695 574 2764 doctrinam
590 2696 742 2764 Athenas
767 2697 882 2764 attrrlit
902 2703 937 2766 et
953 2718 1023 2765 non
1038 2696 1132 2764 inani
1159 2696 1247 2766 lato·

236 2825 310 2870 rum
324 2809 492 2893 potestate
507 2802 569 2872 sed
580 2803 785 2874 immutabili
801 2805 933 2874 ratione
951 2805 1067 2872 omnia
1080 2806 1248 2874 contineri

234 2909 360 2991 docuit,
372 2909 608 2979 adolescentes
624 2910 905 3001 ingeniosissimi,
924 2912 1075 2980 novitate
1088 2917 1122 2980 et
1137 2911 1249 3002 digni-

237 3023 304 3087 tate
324 3025 427 3086 tcntae
443 3018 548 3108 hujus
560 3017 750 3108 disciplinae
767 3018 891 3098 allecti,
910 3024 1044 3088 veteres
1056 3019 1189 3087 fabulae
1206 3017 1249 3088 de

235 3123 413 3213 diiselquc
439 3145 554 3193 rerum
578 3131 701 3193 nature
725 3132 933 3216 respuerunt
956 3132 991 3194 et
1023 3125 1067 3194 de
1094 3126 1249 3196 archaice

236 3231 404 3322 sapientia
430 3251 507 3300 cum
537 3237 739 3323 contemptu
763 3238 942 3324 coeperunt
968 3234 1074 3322 loqui.
1090 3233 1250 3302 Tuncsa·

234 3337 391 3408 cerdotes
405 3359 553 3428 quorum
569 3340 761 3408 auctoritati
777 3339 998 3430 philosophia
1012 3339 1082 3408 ibat
1096 3340 1246 3420 obviam,

235 3445 455 3534 magistratus
472 3444 572 3513 senili
592 3445 774 3536 prudentia
790 3453 824 3515 et
842 3447 1038 3536 reipublicae
1062 3467 1141 3516 cura
1154 3449 1247 3526 elati,

232 3552 389 3641 quisquis
409 3551 554 3621 Athenis
568 3553 749 3642 preteritae
765 3553 874 3622 aetatis
895 3573 1023 3635 morea,
1047 3559 1097 3622 tot
1111 3545 1249 3624 illustri·

231 3659 295 3728 bus
309 3659 552 3750 comprobatos
562 3659 785 3750 facinoribus,
811 3659 1043 3742 reverebatur,
1057 3661 1248 3750 periculum

229 3768 360 3837 instare
389 3767 517 3864 civitati
543 3766 826 3858 et'disoiplinam
856 3773 1008 3838 veterem
1040 3770 1144 3838 simul
1169 3791 1247 3838 cum

230 3873 296 3944 diis
325 3877 361 3944 in
398 3863 624 3944 dis‘c'riminen
655 3876 767 3944 vocari
804 3876 1049 3947 intellexerunt
1069 3881 1092 3946 ¹.
1116 3879 1248 3947 Horum

234 3981 359 4052 studiis
375 3983 641 4073 prevalentibus
656 3983 777 4074 pulsus
794 3992 848 4053 est
873 3987 1178 4075 Anaxagorasque
1197 3986 1213 4054 i
1233 4026 1248 4038 -

262 4197 270 4231 ¹
287 4199 323 4248 cl.
338 4199 458 4256 cunnus,
477 4198 574 4249 ortecle.
593 4197 737 4258 necleta,
756 4199 796 4258 lll,
814 4203 868 4250 tot.
884 4202 978 4262 Gneus,
997 4215 1039 4262 op.
1056 4201 1250 4260 crt.‚x11‚ata·
