<?xml version="1.0" encoding="UTF-8"?>
<!DOCTYPE html PUBLIC "-//W3C//DTD XHTML 1.0 Transitional//EN"
    "http://www.w3.org/TR/xhtml1/DTD/xhtml1-transitional.dtd">
<html xmlns="http://www.w3.org/1999/xhtml" xml:lang="en" lang="en">
 <head>
  <title>
</title>
<meta http-equiv="Content-Type" content="text/html;charset=utf-8" />
  <meta name='ocr-system' content='tesseract 3.04.00' />
  <meta name='ocr-capabilities' content='ocr_page ocr_carea ocr_par ocr_line ocrx_word'/>
</head>
<body>
  <div class='ocr_page' id='page_1' title='image "./aristophanesimp00hildgoog_0087.png"; bbox 0 0 3156 5082; ppageno 0'>
   <div class='ocr_carea' id='block_1_1' title="bbox 768 502 906 558">
    <p class='ocr_par' dir='ltr' id='par_1_1' title="bbox 768 502 906 558">
     <span class='ocr_line' id='line_1_1' title="bbox 768 502 906 558; baseline -0.007 -13"><span class='ocrx_word' id='word_1_1' title='bbox 768 502 906 558; x_wconf 54' lang='grc' dir='ltr'>..πμ</span> 
     </span>
    </p>
   </div>
   <div class='ocr_carea' id='block_1_2' title="bbox 238 627 1357 3431">
    <p class='ocr_par' dir='ltr' id='par_1_2' title="bbox 238 627 1354 2220">
     <span class='ocr_line' id='line_1_2' title="bbox 333 627 1350 720; baseline -0.012 -14"><span class='ocrx_word' id='word_1_2' title='bbox 333 658 429 708; x_wconf 91' lang='lat' dir='ltr'>mum</span> <span class='ocrx_word' id='word_1_3' title='bbox 444 635 479 704; x_wconf 94' lang='lat' dir='ltr'>in</span> <span class='ocrx_word' id='word_1_4' title='bbox 513 633 788 720; x_wconf 88' lang='lat' dir='ltr'>thriasioeampo</span> <span class='ocrx_word' id='word_1_5' title='bbox 806 629 1014 698; x_wconf 85' lang='lat' dir='ltr'>aedifieatum</span> <span class='ocrx_word' id='word_1_6' title='bbox 1039 627 1210 720; x_wconf 88' lang='lat' dir='ltr'>templum</span> <span class='ocrx_word' id='word_1_7' title='bbox 1224 627 1350 694; x_wconf 89' lang='lat' dir='ltr'>initiati</span> 
     </span>
     <span class='ocr_line' id='line_1_3' title="bbox 333 737 1350 833; baseline -0.013 -17"><span class='ocrx_word' id='word_1_8' title='bbox 333 745 490 816; x_wconf 91' lang='lat' dir='ltr'>solebant</span> <span class='ocrx_word' id='word_1_9' title='bbox 504 760 678 833; x_wconf 79' lang='lat' dir='ltr'>peragere,</span> <span class='ocrx_word' id='word_1_10' title='bbox 691 741 763 828; x_wconf 87' lang='lat' dir='ltr'>jam</span> <span class='ocrx_word' id='word_1_11' title='bbox 772 742 1032 828; x_wconf 84' lang='lat' dir='ltr'>vesperascente</span> <span class='ocrx_word' id='word_1_12' title='bbox 1044 738 1086 806; x_wconf 87' lang='lat' dir='ltr'>ab</span> <span class='ocrx_word' id='word_1_13' title='bbox 1101 737 1231 805; x_wconf 91' lang='lat' dir='ltr'>urbane</span> <span class='ocrx_word' id='word_1_14' title='bbox 1248 737 1350 805; x_wconf 85' lang='lat' dir='ltr'>Eleu-</span> 
     </span>
     <span class='ocr_line' id='line_1_4' title="bbox 334 848 1350 942; baseline -0.01 -18"><span class='ocrx_word' id='word_1_15' title='bbox 334 855 421 924; x_wconf 90' lang='lat' dir='ltr'>sinio</span> <span class='ocrx_word' id='word_1_16' title='bbox 437 852 704 942; x_wconf 75' lang='lat' dir='ltr'>proficiscentes</span> <span class='ocrx_word' id='word_1_17' title='bbox 722 848 767 915; x_wconf 88' lang='lat' dir='ltr'>ita</span> <span class='ocrx_word' id='word_1_18' title='bbox 793 853 830 915; x_wconf 89' lang='lat' dir='ltr'>ut</span> <span class='ocrx_word' id='word_1_19' title='bbox 844 854 922 936; x_wconf 90' lang='lat' dir='ltr'>post</span> <span class='ocrx_word' id='word_1_20' title='bbox 938 853 1073 916; x_wconf 90' lang='lat' dir='ltr'>noctem</span> <span class='ocrx_word' id='word_1_21' title='bbox 1096 848 1266 936; x_wconf 75' lang='lat' dir='ltr'>inceptam</span> <span class='ocrx_word' id='word_1_22' title='bbox 1287 867 1350 934; x_wconf 88' lang='lat' dir='ltr'>pe-</span> 
     </span>
     <span class='ocr_line' id='line_1_5' title="bbox 332 954 1349 1049; baseline -0.01 -19"><span class='ocrx_word' id='word_1_23' title='bbox 332 961 475 1031; x_wconf 86' lang='lat' dir='ltr'>netralia</span> <span class='ocrx_word' id='word_1_24' title='bbox 490 956 702 1049; x_wconf 87' lang='lat' dir='ltr'>ipsaCereris</span> <span class='ocrx_word' id='word_1_25' title='bbox 717 954 853 1023; x_wconf 88' lang='lat' dir='ltr'>adirent</span> <span class='ocrx_word' id='word_1_26' title='bbox 872 960 895 1022; x_wconf 85' lang='lat'>¹.</span> <span class='ocrx_word' id='word_1_27' title='bbox 919 954 1108 1024; x_wconf 84' lang='lat' dir='ltr'>Fastidium</span> <span class='ocrx_word' id='word_1_28' title='bbox 1137 961 1170 1023; x_wconf 92' lang='lat' dir='ltr'>et</span> <span class='ocrx_word' id='word_1_29' title='bbox 1197 955 1349 1023; x_wconf 87' lang='lat' dir='ltr'>laborem</span> 
     </span>
     <span class='ocr_line' id='line_1_6' title="bbox 238 1062 1351 1154; baseline -0.009 -15"><span class='ocrx_word' id='word_1_30' title='bbox 238 1133 241 1139; x_wconf 89' lang='lat'>.</span> <span class='ocrx_word' id='word_1_31' title='bbox 334 1069 420 1138; x_wconf 90' lang='lat' dir='ltr'>tanti</span> <span class='ocrx_word' id='word_1_32' title='bbox 434 1065 566 1136; x_wconf 92' lang='lat' dir='ltr'>itineris</span> <span class='ocrx_word' id='word_1_33' title='bbox 597 1072 635 1133; x_wconf 89' lang='lat' dir='ltr'>ut</span> <span class='ocrx_word' id='word_1_34' title='bbox 658 1063 819 1144; x_wconf 77' lang='lat' dir='ltr'>lenirent,</span> <span class='ocrx_word' id='word_1_35' title='bbox 846 1062 888 1129; x_wconf 90' lang='lat' dir='ltr'>ad</span> <span class='ocrx_word' id='word_1_36' title='bbox 914 1063 1049 1154; x_wconf 83' lang='lat' dir='ltr'>Cephisi</span> <span class='ocrx_word' id='word_1_37' title='bbox 1067 1070 1207 1154; x_wconf 89' lang='lat' dir='ltr'>pontem</span> <span class='ocrx_word' id='word_1_38' title='bbox 1226 1063 1351 1131; x_wconf 91' lang='lat' dir='ltr'>initiati</span> 
     </span>
     <span class='ocr_line' id='line_1_7' title="bbox 335 1171 1349 1261; baseline -0.011 -15"><span class='ocrx_word' id='word_1_39' title='bbox 335 1177 391 1246; x_wconf 84' lang='lat' dir='ltr'>uel</span> <span class='ocrx_word' id='word_1_40' title='bbox 416 1177 505 1243; x_wconf 90' lang='lat' dir='ltr'>inter</span> <span class='ocrx_word' id='word_1_41' title='bbox 525 1193 562 1242; x_wconf 88' lang='lat' dir='ltr'>so</span> <span class='ocrx_word' id='word_1_42' title='bbox 586 1172 641 1242; x_wconf 86' lang='lat' dir='ltr'>vel</span> <span class='ocrx_word' id='word_1_43' title='bbox 666 1191 743 1240; x_wconf 88' lang='lat' dir='ltr'>curn</span> <span class='ocrx_word' id='word_1_44' title='bbox 766 1171 917 1260; x_wconf 81' lang='lat' dir='ltr'>profanis</span> <span class='ocrx_word' id='word_1_45' title='bbox 941 1191 1101 1261; x_wconf 89' lang='lat' dir='ltr'>pompam</span> <span class='ocrx_word' id='word_1_46' title='bbox 1127 1171 1349 1260; x_wconf 89' lang='lat' dir='ltr'>inspectanti-</span> 
     </span>
     <span class='ocr_line' id='line_1_8' title="bbox 335 1277 1351 1370; baseline -0.008 -16"><span class='ocrx_word' id='word_1_47' title='bbox 335 1286 400 1354; x_wconf 88' lang='lat' dir='ltr'>bus</span> <span class='ocrx_word' id='word_1_48' title='bbox 429 1283 663 1352; x_wconf 77' lang='lat' dir='ltr'>cavillationes</span> <span class='ocrx_word' id='word_1_49' title='bbox 691 1277 851 1347; x_wconf 87' lang='lat' dir='ltr'>serebant</span> <span class='ocrx_word' id='word_1_50' title='bbox 879 1281 992 1348; x_wconf 90' lang='lat' dir='ltr'>omnis</span> <span class='ocrx_word' id='word_1_51' title='bbox 1018 1281 1165 1370; x_wconf 82' lang='lat' dir='ltr'>generis,</span> <span class='ocrx_word' id='word_1_52' title='bbox 1184 1279 1308 1368; x_wconf 89' lang='lat' dir='ltr'>quibus</span> <span class='ocrx_word' id='word_1_53' title='bbox 1331 1300 1351 1346; x_wconf 90' lang='lat' dir='ltr'>a</span> 
     </span>
     <span class='ocr_line' id='line_1_9' title="bbox 334 1388 1352 1485; baseline -0.01 -21"><span class='ocrx_word' id='word_1_54' title='bbox 334 1409 432 1485; x_wconf 66' lang='grc' dir='ltr'><strong>γεφύρᾳ</strong></span> <span class='ocrx_word' id='word_1_55' title='bbox 456 1411 583 1460; x_wconf 91' lang='lat' dir='ltr'>nomen</span> <span class='ocrx_word' id='word_1_56' title='bbox 612 1408 773 1480; x_wconf 67' lang='lat' dir='ltr'>ppepupei</span> <span class='ocrx_word' id='word_1_57' title='bbox 797 1388 946 1458; x_wconf 91' lang='lat' dir='ltr'>inditum</span> <span class='ocrx_word' id='word_1_58' title='bbox 973 1398 1036 1458; x_wconf 90' lang='lat' dir='ltr'>est.</span> <span class='ocrx_word' id='word_1_59' title='bbox 1066 1392 1194 1480; x_wconf 90' lang='lat' dir='ltr'>Pompa</span> <span class='ocrx_word' id='word_1_60' title='bbox 1218 1389 1276 1456; x_wconf 87' lang='lat' dir='ltr'>illa</span> <span class='ocrx_word' id='word_1_61' title='bbox 1290 1409 1352 1478; x_wconf 87' lang='lat' dir='ltr'>per</span> 
     </span>
     <span class='ocr_line' id='line_1_10' title="bbox 335 1497 1351 1586; baseline -0.006 -16"><span class='ocrx_word' id='word_1_62' title='bbox 335 1503 426 1570; x_wconf 87' lang='lat' dir='ltr'>viam</span> <span class='ocrx_word' id='word_1_63' title='bbox 458 1502 591 1568; x_wconf 86' lang='lat' dir='ltr'>Sacram</span> <span class='ocrx_word' id='word_1_64' title='bbox 620 1515 723 1586; x_wconf 88' lang='lat' dir='ltr'>quam</span> <span class='ocrx_word' id='word_1_65' title='bbox 744 1499 935 1586; x_wconf 84' lang='lat' dir='ltr'>magnificis</span> <span class='ocrx_word' id='word_1_66' title='bbox 964 1499 1196 1567; x_wconf 80' lang='lat' dir='ltr'>continuatam</span> <span class='ocrx_word' id='word_1_67' title='bbox 1218 1497 1351 1565; x_wconf 86' lang='lat' dir='ltr'>aedibus</span> 
     </span>
     <span class='ocr_line' id='line_1_11' title="bbox 335 1604 1351 1700; baseline -0.008 -20"><span class='ocrx_word' id='word_1_68' title='bbox 335 1609 519 1700; x_wconf 82' lang='lat' dir='ltr'>scriptores</span> <span class='ocrx_word' id='word_1_69' title='bbox 545 1606 685 1675; x_wconf 88' lang='lat' dir='ltr'>tradunt</span> <span class='ocrx_word' id='word_1_70' title='bbox 702 1607 728 1684; x_wconf 79' lang='lat'>²,</span> <span class='ocrx_word' id='word_1_71' title='bbox 756 1605 964 1674; x_wconf 83' lang='lat' dir='ltr'>solemnium</span> <span class='ocrx_word' id='word_1_72' title='bbox 992 1604 1244 1674; x_wconf 87' lang='lat' dir='ltr'>Eleusiniorum</span> <span class='ocrx_word' id='word_1_73' title='bbox 1271 1624 1351 1693; x_wconf 89' lang='lat' dir='ltr'>pars</span> 
     </span>
     <span class='ocr_line' id='line_1_12' title="bbox 297 1711 1349 1808; baseline -0.004 -24"><span class='ocrx_word' id='word_1_74' title='bbox 297 1757 302 1762; x_wconf 92' lang='lat'><em>·</em></span> <span class='ocrx_word' id='word_1_75' title='bbox 335 1717 505 1808; x_wconf 81' lang='lat' dir='ltr'>praeoipua</span> <span class='ocrx_word' id='word_1_76' title='bbox 536 1719 607 1782; x_wconf 88' lang='lat' dir='ltr'>erat</span> <span class='ocrx_word' id='word_1_77' title='bbox 633 1720 667 1783; x_wconf 91' lang='lat' dir='ltr'>et</span> <span class='ocrx_word' id='word_1_78' title='bbox 690 1712 904 1781; x_wconf 88' lang='lat' dir='ltr'>multitudini</span> <span class='ocrx_word' id='word_1_79' title='bbox 939 1713 1065 1780; x_wconf 82' lang='lat' dir='ltr'>ciuium</span> <span class='ocrx_word' id='word_1_80' title='bbox 1103 1711 1349 1801; x_wconf 84' lang='lat' dir='ltr'>hospitumque</span> 
     </span>
     <span class='ocr_line' id='line_1_13' title="bbox 336 1821 1353 1916; baseline -0.004 -23"><span class='ocrx_word' id='word_1_81' title='bbox 336 1824 548 1916; x_wconf 86' lang='lat' dir='ltr'>gratissima,</span> <span class='ocrx_word' id='word_1_82' title='bbox 580 1830 655 1891; x_wconf 86' lang='lat' dir='ltr'>turn</span> <span class='ocrx_word' id='word_1_83' title='bbox 680 1827 819 1912; x_wconf 90' lang='lat' dir='ltr'>propter</span> <span class='ocrx_word' id='word_1_84' title='bbox 847 1827 1047 1911; x_wconf 87' lang='lat' dir='ltr'>apparatum</span> <span class='ocrx_word' id='word_1_85' title='bbox 1072 1821 1293 1910; x_wconf 89' lang='lat' dir='ltr'>splendidum</span> <span class='ocrx_word' id='word_1_86' title='bbox 1318 1829 1353 1892; x_wconf 86' lang='lat' dir='ltr'>et</span> 
     </span>
     <span class='ocr_line' id='line_1_14' title="bbox 336 1930 1352 2024; baseline -0.004 -22"><span class='ocrx_word' id='word_1_87' title='bbox 336 1940 540 2024; x_wconf 86' lang='lat' dir='ltr'>sumptuosa</span> <span class='ocrx_word' id='word_1_88' title='bbox 564 1936 777 2010; x_wconf 87' lang='lat' dir='ltr'>ornamenta,</span> <span class='ocrx_word' id='word_1_89' title='bbox 805 1952 914 2020; x_wconf 87' lang='lat' dir='ltr'>quum</span> <span class='ocrx_word' id='word_1_90' title='bbox 944 1930 1022 2019; x_wconf 88' lang='lat' dir='ltr'>quia</span> <span class='ocrx_word' id='word_1_91' title='bbox 1044 1931 1205 2000; x_wconf 88' lang='lat' dir='ltr'>omnibus</span> <span class='ocrx_word' id='word_1_92' title='bbox 1226 1931 1352 2000; x_wconf 87' lang='lat' dir='ltr'>licebat</span> 
     </span>
     <span class='ocr_line' id='line_1_15' title="bbox 337 2037 1354 2128; baseline -0.004 -18"><span class='ocrx_word' id='word_1_93' title='bbox 337 2041 505 2110; x_wconf 89' lang='lat' dir='ltr'>interesse</span> <span class='ocrx_word' id='word_1_94' title='bbox 529 2040 741 2128; x_wconf 86' lang='lat' dir='ltr'>spectaculo,</span> <span class='ocrx_word' id='word_1_95' title='bbox 777 2044 811 2106; x_wconf 90' lang='lat' dir='ltr'>et</span> <span class='ocrx_word' id='word_1_96' title='bbox 836 2037 909 2108; x_wconf 87' lang='lat' dir='ltr'>dies</span> <span class='ocrx_word' id='word_1_97' title='bbox 934 2038 991 2108; x_wconf 90' lang='lat' dir='ltr'>ille</span> <span class='ocrx_word' id='word_1_98' title='bbox 1020 2038 1182 2107; x_wconf 83' lang='lat' dir='ltr'>feriarum</span> <span class='ocrx_word' id='word_1_99' title='bbox 1210 2039 1354 2108; x_wconf 89' lang='lat' dir='ltr'>ultimus</span> 
     </span>
     <span class='ocr_line' id='line_1_16' title="bbox 339 2154 423 2220; baseline -0.06 0"><span class='ocrx_word' id='word_1_100' title='bbox 339 2154 423 2220; x_wconf 82' lang='lat' dir='ltr'>erat.</span> 
     </span>
    </p>

    <p class='ocr_par' dir='ltr' id='par_1_3' title="bbox 339 2257 1357 3431">
     <span class='ocr_line' id='line_1_17' title="bbox 384 2257 1354 2348; baseline -0.002 -20"><span class='ocrx_word' id='word_1_101' title='bbox 384 2259 520 2329; x_wconf 87' lang='lat' dir='ltr'>Peracta</span> <span class='ocrx_word' id='word_1_102' title='bbox 533 2277 672 2348; x_wconf 89' lang='lat' dir='ltr'>pompa,</span> <span class='ocrx_word' id='word_1_103' title='bbox 698 2273 865 2348; x_wconf 66' lang='grc' dir='ltr'>τελεστέρων,</span> <span class='ocrx_word' id='word_1_104' title='bbox 886 2258 1061 2346; x_wconf 88' lang='lat' dir='ltr'>penetrale</span> <span class='ocrx_word' id='word_1_105' title='bbox 1081 2257 1208 2326; x_wconf 85' lang='lat' dir='ltr'>scilicet</span> <span class='ocrx_word' id='word_1_106' title='bbox 1228 2259 1354 2326; x_wconf 88' lang='lat' dir='ltr'>Eleusi-</span> 
     </span>
     <span class='ocr_line' id='line_1_18' title="bbox 342 2367 1355 2451; baseline 0 -16"><span class='ocrx_word' id='word_1_107' title='bbox 342 2367 478 2436; x_wconf 91' lang='lat' dir='ltr'>niorum</span> <span class='ocrx_word' id='word_1_108' title='bbox 509 2369 704 2451; x_wconf 87' lang='lat' dir='ltr'>numinum,</span> <span class='ocrx_word' id='word_1_109' title='bbox 737 2367 878 2437; x_wconf 89' lang='lat' dir='ltr'>initiatis</span> <span class='ocrx_word' id='word_1_110' title='bbox 909 2367 1142 2448; x_wconf 86' lang='lat' dir='ltr'>reserabatur,</span> <span class='ocrx_word' id='word_1_111' title='bbox 1180 2367 1355 2438; x_wconf 85' lang='lat' dir='ltr'>ubiintor</span> 
     </span>
     <span class='ocr_line' id='line_1_19' title="bbox 340 2475 1354 2567; baseline -0.001 -20"><span class='ocrx_word' id='word_1_112' title='bbox 340 2487 512 2566; x_wconf 81' lang='grc' dir='ltr'>παννυχίδας</span> <span class='ocrx_word' id='word_1_113' title='bbox 530 2480 555 2558; x_wconf 81' lang='lat'>³,</span> <span class='ocrx_word' id='word_1_114' title='bbox 577 2497 699 2548; x_wconf 68' lang='lat' dir='ltr'>ascalia</span> <span class='ocrx_word' id='word_1_115' title='bbox 716 2477 831 2548; x_wconf 84' lang='lat' dir='ltr'>omnia</span> <span class='ocrx_word' id='word_1_116' title='bbox 854 2476 926 2544; x_wconf 73' lang='lat' dir='ltr'>Slt&#39;e</span> <span class='ocrx_word' id='word_1_117' title='bbox 942 2489 1066 2566; x_wconf 62' lang='grc' dir='ltr'>λεγόμενα</span> <span class='ocrx_word' id='word_1_118' title='bbox 1082 2475 1154 2544; x_wconf 70' lang='lat' dir='ltr'>Sive</span> <span class='ocrx_word' id='word_1_119' title='bbox 1168 2488 1286 2567; x_wconf 60' lang='grc' dir='ltr'>δρώμενα</span> <span class='ocrx_word' id='word_1_120' title='bbox 1309 2477 1354 2546; x_wconf 74' lang='lat' dir='ltr'>ad</span> 
     </span>
     <span class='ocr_line' id='line_1_20' title="bbox 340 2583 1353 2674; baseline 0.001 -22"><span class='ocrx_word' id='word_1_121' title='bbox 340 2585 469 2652; x_wconf 90' lang='lat' dir='ltr'>cultum</span> <span class='ocrx_word' id='word_1_122' title='bbox 492 2586 731 2674; x_wconf 82' lang='lat' dir='ltr'>pertinentiae</span> <span class='ocrx_word' id='word_1_123' title='bbox 759 2583 993 2653; x_wconf 88' lang='lat' dir='ltr'>sacerdotibus</span> <span class='ocrx_word' id='word_1_124' title='bbox 1024 2593 1196 2674; x_wconf 65' lang='grc' dir='ltr'>(ἱεροφάνται,</span> <span class='ocrx_word' id='word_1_125' title='bbox 1211 2596 1353 2672; x_wconf 54' lang='lat' dir='ltr'>ratanza,</span> 
     </span>
     <span class='ocr_line' id='line_1_21' title="bbox 339 2691 1357 2782; baseline 0 -22"><span class='ocrx_word' id='word_1_126' title='bbox 339 2709 448 2782; x_wconf 66' lang='grc' dir='ltr'>κήρυκες</span> <span class='ocrx_word' id='word_1_127' title='bbox 460 2692 737 2781; x_wconf 88' lang='lat' dir='ltr'>nominabantur)</span> <span class='ocrx_word' id='word_1_128' title='bbox 758 2693 772 2740; x_wconf 75' lang='lat'><strong>4</strong></span> <span class='ocrx_word' id='word_1_129' title='bbox 788 2692 919 2780; x_wconf 85' lang='lat' dir='ltr'>vulgari</span> <span class='ocrx_word' id='word_1_130' title='bbox 944 2691 1112 2760; x_wconf 90' lang='lat' dir='ltr'>solebant.</span> <span class='ocrx_word' id='word_1_131' title='bbox 1130 2693 1200 2760; x_wconf 87' lang='lat' dir='ltr'>Etsi</span> <span class='ocrx_word' id='word_1_132' title='bbox 1217 2701 1357 2782; x_wconf 87' lang='lat' dir='ltr'>propter</span> 
     </span>
     <span class='ocr_line' id='line_1_22' title="bbox 342 2798 1356 2892; baseline 0.001 -26"><span class='ocrx_word' id='word_1_133' title='bbox 342 2799 518 2868; x_wconf 87' lang='lat' dir='ltr'>silentium</span> <span class='ocrx_word' id='word_1_134' title='bbox 532 2801 673 2868; x_wconf 91' lang='lat' dir='ltr'>initiatis</span> <span class='ocrx_word' id='word_1_135' title='bbox 689 2802 868 2890; x_wconf 88' lang='lat' dir='ltr'>utriusque</span> <span class='ocrx_word' id='word_1_136' title='bbox 883 2798 1013 2869; x_wconf 86' lang='lat' dir='ltr'>ordinis</span> <span class='ocrx_word' id='word_1_137' title='bbox 1029 2809 1149 2890; x_wconf 74' lang='grc' dir='ltr'>(μύσται,</span> <span class='ocrx_word' id='word_1_138' title='bbox 1167 2811 1291 2892; x_wconf 56' lang='lat' dir='ltr'>§aaaron</span> <span class='ocrx_word' id='word_1_139' title='bbox 1306 2801 1356 2868; x_wconf 92' lang='lat' dir='ltr'>in-</span> 
     </span>
     <span class='ocr_line' id='line_1_23' title="bbox 342 2907 1355 2999; baseline 0.004 -26"><span class='ocrx_word' id='word_1_140' title='bbox 342 2907 484 2988; x_wconf 92' lang='lat' dir='ltr'>dictum,</span> <span class='ocrx_word' id='word_1_141' title='bbox 502 2926 608 2997; x_wconf 87' lang='lat' dir='ltr'>pauca</span> <span class='ocrx_word' id='word_1_142' title='bbox 625 2914 760 2977; x_wconf 88' lang='lat' dir='ltr'>tantum</span> <span class='ocrx_word' id='word_1_143' title='bbox 781 2913 987 2999; x_wconf 87' lang='lat' dir='ltr'>pernotuere</span> <span class='ocrx_word' id='word_1_144' title='bbox 1008 2929 1085 2996; x_wconf 85' lang='lat' dir='ltr'>quaa</span> <span class='ocrx_word' id='word_1_145' title='bbox 1102 2909 1145 2978; x_wconf 91' lang='lat' dir='ltr'>de</span> <span class='ocrx_word' id='word_1_146' title='bbox 1173 2909 1273 2978; x_wconf 90' lang='lat' dir='ltr'>dictis</span> <span class='ocrx_word' id='word_1_147' title='bbox 1288 2909 1355 2977; x_wconf 88' lang='lat' dir='ltr'>fae-</span> 
     </span>
     <span class='ocr_line' id='line_1_24' title="bbox 341 3014 1355 3102; baseline 0.003 -20"><span class='ocrx_word' id='word_1_148' title='bbox 341 3014 453 3102; x_wconf 87' lang='lat' dir='ltr'>tisque</span> <span class='ocrx_word' id='word_1_149' title='bbox 465 3015 533 3084; x_wconf 91' lang='lat' dir='ltr'>illis</span> <span class='ocrx_word' id='word_1_150' title='bbox 550 3037 613 3084; x_wconf 91' lang='lat' dir='ltr'>nos</span> <span class='ocrx_word' id='word_1_151' title='bbox 627 3017 789 3086; x_wconf 86' lang='lat' dir='ltr'>certiores</span> <span class='ocrx_word' id='word_1_152' title='bbox 804 3017 968 3095; x_wconf 85' lang='lat' dir='ltr'>facerent,</span> <span class='ocrx_word' id='word_1_153' title='bbox 987 3021 1121 3084; x_wconf 86' lang='lat' dir='ltr'>constat</span> <span class='ocrx_word' id='word_1_154' title='bbox 1136 3022 1251 3085; x_wconf 88' lang='lat' dir='ltr'>tamen</span> <span class='ocrx_word' id='word_1_155' title='bbox 1267 3038 1286 3086; x_wconf 91' lang='lat' dir='ltr'>a</span> <span class='ocrx_word' id='word_1_156' title='bbox 1301 3039 1355 3085; x_wconf 90' lang='lat' dir='ltr'>sa-</span> 
     </span>
     <span class='ocr_line' id='line_1_25' title="bbox 341 3121 1356 3214; baseline 0 -24"><span class='ocrx_word' id='word_1_157' title='bbox 341 3121 537 3192; x_wconf 88' lang='lat' dir='ltr'>cerdotibus</span> <span class='ocrx_word' id='word_1_158' title='bbox 552 3124 704 3192; x_wconf 86' lang='lat' dir='ltr'>fabulam</span> <span class='ocrx_word' id='word_1_159' title='bbox 716 3125 844 3194; x_wconf 84' lang='lat' dir='ltr'>Cereris</span> <span class='ocrx_word' id='word_1_160' title='bbox 861 3124 914 3191; x_wconf 90' lang='lat' dir='ltr'>cul</span> <span class='ocrx_word' id='word_1_161' title='bbox 932 3123 1001 3191; x_wconf 88' lang='lat' dir='ltr'>filia</span> <span class='ocrx_word' id='word_1_162' title='bbox 1023 3126 1226 3214; x_wconf 87' lang='lat' dir='ltr'>Proserpina</span> <span class='ocrx_word' id='word_1_163' title='bbox 1241 3131 1356 3214; x_wconf 89' lang='lat' dir='ltr'>erepta</span> 
     </span>
     <span class='ocr_line' id='line_1_26' title="bbox 342 3231 1355 3321; baseline 0.002 -23"><span class='ocrx_word' id='word_1_164' title='bbox 342 3232 491 3320; x_wconf 89' lang='lat' dir='ltr'>primum</span> <span class='ocrx_word' id='word_1_165' title='bbox 517 3231 644 3301; x_wconf 90' lang='lat' dir='ltr'>deinde</span> <span class='ocrx_word' id='word_1_166' title='bbox 669 3238 866 3321; x_wconf 87' lang='lat' dir='ltr'>recuperata</span> <span class='ocrx_word' id='word_1_167' title='bbox 896 3238 961 3312; x_wconf 90' lang='lat' dir='ltr'>est,</span> <span class='ocrx_word' id='word_1_168' title='bbox 989 3253 1059 3300; x_wconf 92' lang='lat' dir='ltr'>nou</span> <span class='ocrx_word' id='word_1_169' title='bbox 1084 3232 1197 3300; x_wconf 89' lang='lat' dir='ltr'>solum</span> <span class='ocrx_word' id='word_1_170' title='bbox 1224 3254 1355 3301; x_wconf 88' lang='lat' dir='ltr'>sermo-</span> 
     </span>
     <span class='ocr_line' id='line_1_27' title="bbox 343 3337 1357 3431; baseline 0.003 -25"><span class='ocrx_word' id='word_1_171' title='bbox 343 3338 446 3406; x_wconf 89' lang='lat' dir='ltr'>nibus</span> <span class='ocrx_word' id='word_1_172' title='bbox 462 3338 522 3407; x_wconf 90' lang='lat' dir='ltr'>sed</span> <span class='ocrx_word' id='word_1_173' title='bbox 545 3339 735 3407; x_wconf 87' lang='lat' dir='ltr'>imitatione</span> <span class='ocrx_word' id='word_1_174' title='bbox 750 3337 897 3428; x_wconf 88' lang='lat' dir='ltr'>quadam</span> <span class='ocrx_word' id='word_1_175' title='bbox 922 3339 1083 3427; x_wconf 83' lang='lat' dir='ltr'>praesenti</span> <span class='ocrx_word' id='word_1_176' title='bbox 1100 3339 1206 3408; x_wconf 83' lang='lat' dir='ltr'>fuisse</span> <span class='ocrx_word' id='word_1_177' title='bbox 1221 3361 1357 3431; x_wconf 87' lang='lat' dir='ltr'>expres-</span> 
     </span>
    </p>
   </div>
   <div class='ocr_carea' id='block_1_3' title="bbox 343 3552 1356 3700">
    <p class='ocr_par' dir='ltr' id='par_1_4' title="bbox 343 3552 1356 3700">
     <span class='ocr_line' id='line_1_28' title="bbox 372 3552 1356 3618; baseline 0.006 -16"><span class='ocrx_word' id='word_1_178' title='bbox 372 3552 381 3586; x_wconf 94' lang='lat'>¹</span> <span class='ocrx_word' id='word_1_179' title='bbox 400 3555 427 3602; x_wconf 87' lang='lat' dir='ltr'>V.</span> <span class='ocrx_word' id='word_1_180' title='bbox 451 3556 576 3618; x_wconf 74' lang='lat' dir='ltr'>Pausian,</span> <span class='ocrx_word' id='word_1_181' title='bbox 600 3555 671 3615; x_wconf 82' lang='lat' dir='ltr'>ibid,</span> <span class='ocrx_word' id='word_1_182' title='bbox 691 3559 733 3617; x_wconf 83' lang='grc'>98,</span> <span class='ocrx_word' id='word_1_183' title='bbox 755 3556 800 3616; x_wconf 87' lang='lat' dir='ltr'>qui</span> <span class='ocrx_word' id='word_1_184' title='bbox 823 3556 963 3604; x_wconf 83' lang='lat' dir='ltr'>testimonia</span> <span class='ocrx_word' id='word_1_185' title='bbox 989 3557 1067 3605; x_wconf 87' lang='lat' dir='ltr'>multa</span> <span class='ocrx_word' id='word_1_186' title='bbox 1091 3559 1167 3606; x_wconf 79' lang='lat' dir='ltr'>affert.</span> <span class='ocrx_word' id='word_1_187' title='bbox 1188 3561 1356 3617; x_wconf 73' lang='lat' dir='ltr'>Hannonem..</span> 
     </span>
     <span class='ocr_line' id='line_1_29' title="bbox 343 3635 785 3700; baseline 0.007 -18"><span class='ocrx_word' id='word_1_188' title='bbox 343 3650 368 3682; x_wconf 92' lang='lat' dir='ltr'>v.</span> <span class='ocrx_word' id='word_1_189' title='bbox 385 3635 439 3700; x_wconf 79' lang='grc' dir='ltr'>ἱερὰ</span> <span class='ocrx_word' id='word_1_190' title='bbox 453 3636 517 3692; x_wconf 83' lang='grc' dir='ltr'>ὁδός.</span> <span class='ocrx_word' id='word_1_191' title='bbox 531 3639 650 3696; x_wconf 73' lang='lat' dir='ltr'>Pansam,</span> <span class='ocrx_word' id='word_1_192' title='bbox 664 3640 683 3693; x_wconf 84' lang='lat'>1,</span> <span class='ocrx_word' id='word_1_193' title='bbox 699 3641 785 3686; x_wconf 78' lang='grc'><strong>36-38.</strong></span> 
     </span>
    </p>
   </div>
   <div class='ocr_carea' id='block_1_4' title="bbox 372 3714 1357 3778">
    <p class='ocr_par' dir='ltr' id='par_1_5' title="bbox 372 3714 1357 3778">
     <span class='ocr_line' id='line_1_30' title="bbox 372 3714 1357 3778; baseline 0.006 -14"><span class='ocrx_word' id='word_1_194' title='bbox 372 3714 526 3774; x_wconf 78' lang='lat' dir='ltr'>²r0iru0n,</span> <span class='ocrx_word' id='word_1_195' title='bbox 543 3719 678 3778; x_wconf 85' lang='lat' dir='ltr'>Pariegotcs</span> <span class='ocrx_word' id='word_1_196' title='bbox 693 3720 780 3774; x_wconf 79' lang='lat' dir='ltr'>dictus,</span> <span class='ocrx_word' id='word_1_197' title='bbox 798 3720 869 3766; x_wconf 91' lang='lat' dir='ltr'>initio</span> <span class='ocrx_word' id='word_1_198' title='bbox 885 3719 988 3768; x_wconf 85' lang='lat' dir='ltr'>secundi</span> <span class='ocrx_word' id='word_1_199' title='bbox 1003 3723 1059 3767; x_wconf 88' lang='lat' dir='ltr'>ante</span> <span class='ocrx_word' id='word_1_200' title='bbox 1075 3721 1130 3768; x_wconf 83' lang='lat' dir='ltr'>Chr.</span> <span class='ocrx_word' id='word_1_201' title='bbox 1148 3723 1233 3769; x_wconf 86' lang='lat' dir='ltr'>saeculi</span> <span class='ocrx_word' id='word_1_202' title='bbox 1250 3723 1280 3770; x_wconf 90' lang='lat' dir='ltr'>de</span> <span class='ocrx_word' id='word_1_203' title='bbox 1301 3737 1357 3771; x_wconf 89' lang='lat' dir='ltr'>rnu-</span> 
     </span>
    </p>
   </div>
   <div class='ocr_carea' id='block_1_5' title="bbox 341 3799 1359 4268">
    <p class='ocr_par' dir='ltr' id='par_1_6' title="bbox 341 3799 1359 3940">
     <span class='ocr_line' id='line_1_31' title="bbox 343 3799 1359 3864; baseline 0.007 -18"><span class='ocrx_word' id='word_1_204' title='bbox 343 3799 442 3857; x_wconf 81' lang='lat' dir='ltr'>gnificis</span> <span class='ocrx_word' id='word_1_205' title='bbox 464 3799 560 3847; x_wconf 67' lang='lat' dir='ltr'>aedibus</span> <span class='ocrx_word' id='word_1_206' title='bbox 587 3801 653 3848; x_wconf 89' lang='lat' dir='ltr'>vium</span> <span class='ocrx_word' id='word_1_207' title='bbox 681 3814 776 3848; x_wconf 88' lang='lat' dir='ltr'>sacram</span> <span class='ocrx_word' id='word_1_208' title='bbox 807 3801 983 3849; x_wconf 81' lang='lat' dir='ltr'>cremantibus</span> <span class='ocrx_word' id='word_1_209' title='bbox 1004 3801 1102 3861; x_wconf 88' lang='lat' dir='ltr'>scripsit</span> <span class='ocrx_word' id='word_1_210' title='bbox 1123 3803 1261 3852; x_wconf 86' lang='lat' dir='ltr'>libellum:</span> <span class='ocrx_word' id='word_1_211' title='bbox 1288 3806 1359 3864; x_wconf 82' lang='lat' dir='ltr'>cujus</span> 
     </span>
     <span class='ocr_line' id='line_1_32' title="bbox 341 3881 852 3940; baseline 0.01 -14"><span class='ocrx_word' id='word_1_212' title='bbox 341 3881 430 3940; x_wconf 79' lang='lat' dir='ltr'>fragm.</span> <span class='ocrx_word' id='word_1_213' title='bbox 445 3881 544 3940; x_wconf 81' lang='lat' dir='ltr'>collegit</span> <span class='ocrx_word' id='word_1_214' title='bbox 556 3882 677 3936; x_wconf 73' lang='lat' dir='ltr'>Panassa,</span> <span class='ocrx_word' id='word_1_215' title='bbox 692 3883 768 3940; x_wconf 75' lang='lat' dir='ltr'>Lips,</span> <span class='ocrx_word' id='word_1_216' title='bbox 784 3885 852 3931; x_wconf 78' lang='lat'><strong>1838.</strong></span> 
     </span>
    </p>

    <p class='ocr_par' dir='ltr' id='par_1_7' title="bbox 344 3958 1357 4105">
     <span class='ocr_line' id='line_1_33' title="bbox 372 3958 1357 4024; baseline 0.006 -16"><span class='ocrx_word' id='word_1_217' title='bbox 372 3958 384 3994; x_wconf 78' lang='lat'>³</span> <span class='ocrx_word' id='word_1_218' title='bbox 401 3963 434 4009; x_wconf 85' lang='lat' dir='ltr'>lle</span> <span class='ocrx_word' id='word_1_219' title='bbox 448 3961 588 4022; x_wconf 84' lang='lat' dir='ltr'>pervigiliis</span> <span class='ocrx_word' id='word_1_220' title='bbox 605 3962 664 4018; x_wconf 86' lang='lat' dir='ltr'>illis,</span> <span class='ocrx_word' id='word_1_221' title='bbox 680 3977 704 4010; x_wconf 86' lang='lat' dir='ltr'>v.</span> <span class='ocrx_word' id='word_1_222' title='bbox 725 3965 823 4019; x_wconf 72' lang='lat' dir='ltr'>Senon,</span> <span class='ocrx_word' id='word_1_223' title='bbox 843 3963 966 4023; x_wconf 80' lang='lat' dir='ltr'>Aristopb.</span> <span class='ocrx_word' id='word_1_224' title='bbox 984 3967 1057 4022; x_wconf 74' lang='lat' dir='ltr'>Ram,</span> <span class='ocrx_word' id='word_1_225' title='bbox 1075 3967 1128 4012; x_wconf 87' lang='grc'><strong>333.</strong></span> <span class='ocrx_word' id='word_1_226' title='bbox 1148 3967 1218 4022; x_wconf 75' lang='lat' dir='ltr'>lton,</span> <span class='ocrx_word' id='word_1_227' title='bbox 1233 3970 1287 4024; x_wconf 80' lang='lat'>370,</span> <span class='ocrx_word' id='word_1_228' title='bbox 1304 3967 1357 4016; x_wconf 75' lang='lat' dir='ltr'>tlt.</span> 
     </span>
     <span class='ocr_line' id='line_1_34' title="bbox 344 4041 1037 4105; baseline 0.01 -19"><span class='ocrx_word' id='word_1_229' title='bbox 344 4041 427 4099; x_wconf 70' lang='lat' dir='ltr'>Sora,</span> <span class='ocrx_word' id='word_1_230' title='bbox 442 4043 502 4090; x_wconf 83' lang='lat' dir='ltr'>OEd.</span> <span class='ocrx_word' id='word_1_231' title='bbox 517 4041 577 4099; x_wconf 63' lang='lat' dir='ltr'>Col„</span> <span class='ocrx_word' id='word_1_232' title='bbox 595 4043 661 4090; x_wconf 76' lang='lat' dir='ltr'>tute.</span> <span class='ocrx_word' id='word_1_233' title='bbox 678 4047 775 4101; x_wconf 65' lang='lat' dir='ltr'>Ennia,</span> <span class='ocrx_word' id='word_1_234' title='bbox 793 4047 858 4102; x_wconf 55' lang='lat' dir='ltr'>lou,</span> <span class='ocrx_word' id='word_1_235' title='bbox 876 4049 933 4093; x_wconf 69' lang='lat'>¹075</span> <span class='ocrx_word' id='word_1_236' title='bbox 950 4050 1037 4105; x_wconf 85' lang='lat' dir='ltr'>etseq.</span> 
     </span>
    </p>

    <p class='ocr_par' dir='ltr' id='par_1_8' title="bbox 343 4119 1357 4268">
     <span class='ocr_line' id='line_1_35' title="bbox 373 4119 1357 4190; baseline 0.01 -22"><span class='ocrx_word' id='word_1_237' title='bbox 373 4119 385 4153; x_wconf 82' lang='lat'>⁴</span> <span class='ocrx_word' id='word_1_238' title='bbox 403 4122 457 4169; x_wconf 90' lang='lat' dir='ltr'>Vid.</span> <span class='ocrx_word' id='word_1_239' title='bbox 474 4125 607 4172; x_wconf 83' lang='lat' dir='ltr'>termulam</span> <span class='ocrx_word' id='word_1_240' title='bbox 623 4125 772 4188; x_wconf 72' lang='grc' dir='ltr'>εἰσαγγελίας</span> <span class='ocrx_word' id='word_1_241' title='bbox 787 4140 837 4186; x_wconf 85' lang='lat' dir='ltr'>qua</span> <span class='ocrx_word' id='word_1_242' title='bbox 851 4126 1000 4187; x_wconf 79' lang='lat' dir='ltr'>Alcibiades,</span> <span class='ocrx_word' id='word_1_243' title='bbox 1016 4129 1190 4188; x_wconf 76' lang='lat' dir='ltr'>mysteriorum</span> <span class='ocrx_word' id='word_1_244' title='bbox 1207 4131 1357 4190; x_wconf 79' lang='lat' dir='ltr'>profanator,</span> 
     </span>
     <span class='ocr_line' id='line_1_36' title="bbox 343 4200 1051 4268; baseline 0.01 -17"><span class='ocrx_word' id='word_1_245' title='bbox 343 4201 370 4252; x_wconf 90' lang='lat' dir='ltr'>in</span> <span class='ocrx_word' id='word_1_246' title='bbox 383 4202 506 4263; x_wconf 85' lang='lat' dir='ltr'>judicium</span> <span class='ocrx_word' id='word_1_247' title='bbox 520 4200 556 4254; x_wconf 84' lang='lat' dir='ltr'>est</span> <span class='ocrx_word' id='word_1_248' title='bbox 569 4208 678 4263; x_wconf 82' lang='lat' dir='ltr'>uocatus,</span> <span class='ocrx_word' id='word_1_249' title='bbox 692 4207 758 4268; x_wconf 89' lang='lat' dir='ltr'>apud</span> <span class='ocrx_word' id='word_1_250' title='bbox 771 4209 922 4264; x_wconf 66' lang='lat' dir='ltr'>Pousinon,</span> <span class='ocrx_word' id='word_1_251' title='bbox 936 4205 998 4266; x_wconf 62' lang='lat' dir='ltr'>Alc,</span> <span class='ocrx_word' id='word_1_252' title='bbox 1012 4211 1051 4258; x_wconf 72' lang='lat'>22.</span> 
     </span>
    </p>
   </div>
   <div class='ocr_carea' id='block_1_6' title="bbox 0 0 1600 5082">
    <p class='ocr_par' dir='ltr' id='par_1_9' title="bbox 0 0 1600 5082">
     <span class='ocr_line' id='line_1_37' title="bbox 0 0 1600 5082; baseline 0 0"><span class='ocrx_word' id='word_1_253' title='bbox 0 0 1600 5082; x_wconf 95' lang='lat' dir='ltr'> </span> 
     </span>
    </p>
   </div>
  </div>
 </body>
</html>
