3114 5088
352 651 488 740 objecto
503 675 511 720 ι
530 669 593 720 nec
607 657 720 720 amen
733 649 922 739 quidquam
936 647 1027 739 apud
1044 649 1226 740 populares
1236 649 1382 739 judices

355 757 496 848 profecit
516 762 539 826 ¹.
557 757 654 837 Oucd
677 759 706 827 si
729 758 844 848 magni
869 757 918 825 illi
938 757 1000 826 viri
1015 757 1380 854 grauitatemgenio,

354 865 529 936 beneflciis
546 868 581 936 in
596 867 771 936 civitatem
790 867 956 956 insignes,
975 886 1074 955 aequc
1090 866 1208 934 animo
1228 866 1383 934 comico

356 993 431 1041 rum
448 973 664 1063 pertulerunt
680 973 831 1054 facetias,
859 993 976 1042 nonne
994 973 1181 1042 verisimile
1194 979 1266 1042 erat
1288 972 1381 1042 deos

353 1082 447 1169 ipsos
462 1079 706 1149 (informationi
729 1101 802 1149 suae
826 1081 901 1148 sine
916 1080 966 1148 ira
986 1081 1019 1148 in
1037 1078 1172 1148 theatro
1194 1078 1316 1148 adesse
1339 1085 1381 1148 et

355 1185 477 1256 Bacchi
494 1185 682 1256 concedere
706 1187 932 1267 solemnibus,
954 1194 990 1256 ut
1015 1207 1075 1276 pro
1091 1205 1153 1254 sua
1166 1192 1261 1275 parte
1276 1205 1379 1254 com-

358 1295 453 1362 muni
477 1294 602 1384 gaudio
627 1294 852 1385 prodessent?
870 1296 965 1362 Hanc
988 1293 1086 1384 quasi
1115 1292 1381 1381 magnanimitas

358 1407 428 1470 tem
443 1399 589 1471 deorum
610 1402 855 1492 praesumendo
882 1408 1091 1494 spectatores
1110 1399 1280 1468 licentiam
1298 1420 1378 1470 om-

358 1528 440 1578 nem
464 1509 578 1598 poetis
601 1508 844 1578 condonarunt
865 1509 900 1578 in
925 1507 1094 1578 comoedia
1117 1514 1152 1578 et
1171 1506 1258 1576 nihil
1281 1505 1378 1577 aliod

362 1635 465 1705 quam
479 1614 744 1684 delectationem
762 1617 922 1686 visisunt
937 1636 1067 1686 curare.

404 1723 517 1792 rocta
533 1722 636 1813 igitur
648 1743 772 1792 omnes
786 1744 854 1794 tunc
871 1725 1000 1812 impetu
1015 1722 1051 1792 in
1071 1722 1159 1790 hanc
1169 1722 1378 1796 ditissimam

356 1831 438 1898 atis
454 1851 526 1900 suaa
537 1831 715 1902 materiam
729 1837 884 1911 ruerunt,
899 1838 937 1899 ut
952 1851 993 1899 cx
1005 1830 1113 1899 titulis
1128 1836 1164 1900 et
1174 1830 1376 1920 fragmentis

359 1943 408 2004 tot
434 1935 690 2026 deperditarum
718 1937 913 2008 fabularum
929 1938 969 2008 iit
987 1936 1209 2012 manifestum
1227 1941 1252 2005 2.
1284 1939 1377 2006 Post-

356 2045 694 2134 quamlegecautum
705 2044 1028 2114 estneinhomines
1039 2044 1245 2114 nominatim
1263 2045 1375 2116 couvi-

356 2153 660 2242 ciapcolcuautur,
674 2157 850 2242 poetarum
865 2151 1002 2221 lasciuia
1015 2160 1049 2220 et
1059 2156 1292 2241 spectatorum
1308 2172 1376 2221 ma-

356 2260 496 2350 lignitas
518 2260 561 2330 ab
581 2260 789 2334 humanisin
810 2259 927 2328 diuina
948 2265 1198 2339 conversasse,
1217 2264 1375 2347 amusan

356 2366 599 2438 irreverentius
610 2369 745 2458 Olympi
762 2367 940 2440 infamavit
958 2365 1130 2447 dominns,
1158 2387 1226 2456 quc
1251 2371 1374 2436 terres-

358 2481 427 2544 tres
440 2475 666 2563 periculosius
679 2483 751 2546 erat
765 2477 944 2548 lacessere.
965 2473 1075 2544 lledia
1097 2473 1190 2544 enim
1206 2473 1376 2542 comoedia

359 2583 547 2670 prasertim
567 2583 602 2650 in
633 2585 851 2670 antiquarum
871 2582 1065 2650 fabularum
1095 2580 1237 2650 ridicula
1261 2581 1374 2652 defor-

358 2689 653 2760 mationeversata
671 2698 735 2764 est.
755 2697 789 2760 et
808 2689 1058 2778 Aristophanes
1077 2710 1117 2758 en
1137 2688 1340 2778 ampliorem
1356 2708 1376 2755 a

355 2795 554 2867 divinorum,
567 2815 712 2866 censura
726 2795 921 2870 fabularum
938 2817 1079 2864 suarum
1098 2796 1276 2865 materiam
1298 2817 1373 2868 mu-

359 2907 474 2972 tuatus
494 2909 557 2983 est,
575 2923 643 2991 quo
659 2903 840 2976 seueritate
858 2903 975 2994 legum
1000 2902 1195 2975 acivilibus
1215 2901 1318 2971 rebus
1341 2909 1375 2971 et

360 3010 556 3079 mortalium
574 3031 720 3080 censura
734 3017 787 3081 est
808 3011 1014 3101 prohibitus,

404 3116 510 3186 iidem
533 3123 649 3188 tamen
668 3119 789 3191 comici
808 3117 866 3206 qui
886 3118 1016 3188 facetiis
1041 3118 1154 3186 omnis
1178 3118 1315 3213 generis
1339 3119 1374 3186 in

359 3223 559 3313 religionem
577 3232 729 3295 veterem
754 3224 1018 3306 cavillabuntur,
1037 3225 1095 3315 qui
1110 3245 1181 3294 uon
1197 3246 1375 3294 commen-

359 3332 450 3400 titiae
474 3332 586 3400 solum
608 3333 742 3402 fabulas
764 3339 798 3401 et
815 3339 932 3421 turpes
952 3333 1214 3424 superstitiones
1237 3332 1372 3403 deride-

359 3440 462 3522 bant,
479 3440 540 3509 sed
569 3441 894 3534 augustissimorum
919 3442 1102 3510 numinum
1127 3442 1296 3534 majestati
1320 3442 1374 3531 iu-

390 3657 400 3692 ¹
422 3659 537 3717 Legimus
552 3658 578 3708 in
588 3660 642 3708 nito
655 3658 790 3719 Arelapa,
809 3664 856 3710 tres
873 3661 928 3710 lites
948 3661 1080 3710 intentatas
1093 3661 1170 3708 fuisse
1189 3658 1376 3719 Aristophanis

356 3739 454 3788 Cicone.
471 3739 500 3786 V.
522 3740 597 3800 resp„
613 3738 682 3788 itti.
697 3740 733 3788 Gi.
749 3742 846 3798 Reuss,
859 3740 884 3804 ΙΙ
899 3745 949 3790 aet
960 3745 982 3790 6.
1000 3742 1176 3801 Aristophanes
1188 3742 1241 3801 ipss
1255 3740 1376 3801 gloriarm

359 3817 385 3868 iu
396 3817 505 3868 deitato,
524 3820 555 3878 (dl
565 3821 636 3875 tuci<
655 3819 727 3870 πίνη
743 3819 868 3878 ταλάντοις
883 3821 919 3877 cic
933 3821 1017 3874 Κλέων
1033 3821 1158 3884 litiatori-
1175 3823 1208 3870 lie
1220 3834 1271 3881 qun
1283 3820 1376 3870 mulcta

359 3899 410 3948 vid.
427 3898 550 3960 Arorcpt.
565 3899 620 3956 cit..
634 3913 664 3947 ex
676 3900 759 3949 ocdice
773 3902 856 3950 Venet.
871 3905 976 3950 eruam.

388 3979 400 4015 ²
417 3980 524 4041 longior
534 3983 570 4030 est
582 3979 658 4029 series
668 3980 821 4038 tabularum.
832 3982 921 4032 medic
935 3982 1072 4043 presertim
1084 3983 1223 4040 comoediis,
1234 3995 1264 4032 ex
1277 3983 1376 4042 mytho·

365 4060 431 4121 logie
446 4062 586 4122 petitarum,
600 4073 676 4120 quam
691 4065 718 4109 ut
732 4060 774 4110 hic
789 4062 919 4111 inseretur.
938 4064 972 4110 lta
986 4062 1079 4122 quinm
1089 4064 1140 4112 vid.
1156 4064 1323 4120 Sasernam,
1334 4076 1374 4122 op.

360 4140 400 4188 cit.
411 4143 487 4200 Boon,
501 4139 635 4191 dualitate
646 4141 690 4192 der
702 4140 811 4190 dromot.
826 4139 990 4200 Diemiurtst„
1003 4143 1043 4201 ΙΙΙ,
1056 4145 1100 4194 tae
1111 4146 1135 4197 et
1147 4155 1199 4210 seq.
1215 4144 1375 4200 Remulos,

360 4222 391 4280 ΙΙ,
407 4223 452 4269 dio
462 4226 486 4272 et
497 4235 549 4284 seq.
