3114 5088
781 511 922 566 ..10-

391 639 506 708 Varias
521 635 696 730 religionis
708 645 767 708 aut
791 637 976 726 impietatis
994 657 1072 726 qum
1096 643 1169 706 tum
1195 637 1361 727 vigebant

345 747 473 816 lormas
486 745 578 836 apud
591 745 741 814 illustres
757 745 791 812 in
808 745 944 812 diverso
961 763 1088 833 genere
1107 744 1201 812 viros
1226 745 1360 814 Aristo·

346 855 468 946 phanis
487 851 699 943 temporibus
719 852 773 921 vel
802 850 902 941 paulo
927 859 1006 920 ante
1035 869 1217 940 expressas
1239 851 1359 922 videre

345 967 410 1031 est.
427 961 579 1029 Occurrit
594 960 629 1027 in
644 961 763 1054 primis
788 958 1006 1048 simplicioris
1021 957 1100 1028 fidei
1120 963 1223 1048 atque
1249 959 1360 1028 anxiae

344 1068 479 1159 pietatis
493 1067 739 1137 documentum
754 1066 877 1147 Nicias,
893 1067 951 1155 qui
966 1076 1172 1155 διωιδιιμουὶαν
1189 1065 1358 1157 usquead

344 1176 535 1256 stultitiam,
555 1194 679 1264 magno
696 1174 842 1243 civitatis
857 1172 1077 1254 detrimento,
1099 1174 1135 1240 in
1155 1174 1266 1242 Sicilia
1281 1195 1359 1265 pro-

345 1284 435 1353 vexit
455 1287 485 1364 ¹;
531 1284 589 1372 qui
627 1302 697 1352 non
735 1280 848 1350 solnm
892 1280 1102 1371 quotidianis
1136 1281 1241 1351 sacris
1274 1281 1359 1350 deos

343 1391 489 1480 gentiles
507 1389 651 1469 colebat,
679 1389 740 1457 sed
765 1389 918 1479 privatus
941 1402 1130 1479 χρησμολόγον
1154 1391 1358 1458 auctoritate

344 1498 514 1574 utebatur,
529 1498 626 1586 cujus
641 1498 716 1565 sine
732 1501 818 1564 nutu
829 1501 931 1584 atque
948 1496 1087 1565 arbitrio
1103 1496 1189 1565 nulli
1206 1515 1359 1587 unquam

345 1606 441 1673 seriae
455 1606 502 1672 rei
518 1603 615 1673 dedit
632 1623 783 1694 operam.
800 1603 905 1691 Major
915 1612 968 1672 est
978 1624 1148 1672 numerus
1164 1625 1283 1674 eorum
1298 1606 1358 1695 qui

345 1713 528 1804 impietatis
545 1718 659 1803 partes
673 1711 823 1801 amplexi
853 1717 962 1791 erant,
995 1715 1215 1802 Anaxagoras
1241 1715 1358 1781 Prota-

321 1839 523 1909 ·gorasque,
555 1841 703 1908 quorum
731 1839 751 1888 a
781 1818 969 1908 disciplinis
989 1819 1156 1887 Socratica
1189 1821 1358 1909 sapientia

344 1927 521 2015 processit,
566 1924 701 2012 publice
739 1924 919 2005 docebant,
948 1925 1033 1992 alter
1061 1931 1195 1994 veteres
1224 1925 1268 1995 de
1292 1926 1358 1994 diis

343 2035 476 2102 fabulas
489 2049 515 2102 n
529 2045 676 2116 ὑπονοίαις,
693 2031 727 2099 id
744 2033 985 2122 estallegorice
1001 2053 1076 2101 esse
1091 2032 1310 2122 explicandas
1329 2039 1355 2114 ²,

344 2143 430 2210 alter
450 2141 493 2210 de
515 2140 585 2217 diis
618 2141 760 2208 omnino
788 2139 875 2207 nihil
903 2140 983 2208 certi
1020 2159 1122 2228 posse
1149 2139 1309 2208 affirmari
1328 2144 1355 2208 ³.

345 2248 447 2318 Paulo
472 2256 549 2338 post
577 2247 739 2336 Diagoras
764 2247 884 2315 Melius
910 2267 980 2315 non
1001 2248 1071 2336 jam
1098 2247 1133 2314 iu
1159 2248 1357 2326 scholarum

345 2356 553 2425 umbraculis
569 2363 603 2425 et
622 2354 788 2424 abstrusae
804 2355 979 2444 sapientiae
995 2355 1147 2436 nomine,
1162 2356 1222 2425 sed
1243 2376 1357 2425 coram

344 2472 378 2533 et
398 2465 507 2552 palam
525 2483 603 2531 cum
623 2463 671 2528 ira
697 2469 731 2531 et
757 2462 918 2531 conuiciis
947 2468 1104 2530 naturam
1125 2461 1269 2530 deorum
1285 2485 1359 2531 sus·

345 2569 434 2650 tulit,
459 2576 493 2637 et
507 2570 673 2636 adversus
691 2569 1168 2656 EleusinaSamothracieque
1193 2572 1359 2657 mysteria

343 2678 499 2766 populari
531 2679 716 2766 lyricorum
739 2679 931 2747 carminum
955 2680 1155 2746 auctoritate
1177 2686 1353 2768 grassatus

344 2790 396 2851 est
414 2784 439 2852 4.
462 2786 615 2853 Socrates
646 2805 747 2873 supra
772 2785 982 2874 impietatem
1007 2785 1357 2875 superstitionemque

344 2893 447 2959 simul
471 2899 620 2976 evectae,
637 2892 682 2978 ad
698 2893 899 2960 rationalem
929 2893 1128 2983 religionem
1156 2893 1356 2962 intendebat

344 3002 511 3082 animum,
539 3007 573 3070 et
602 3000 797 3070 divinorum
836 3002 1068 3090 cognitionem
1095 3020 1114 3067 a
1138 3001 1357 3090 philosophia

343 3108 534 3198 expetebat.
578 3111 638 3187 Qui
663 3131 742 3178 curn
772 3109 949 3197 discipulis
979 3130 1048 3176 nou
1082 3109 1207 3196 impius
1240 3109 1356 3176 minus

343 3236 445 3304 quarn
459 3218 517 3305 qui
531 3217 614 3284 deos
630 3217 770 3284 omniuo
786 3236 862 3283 esse
882 3215 1054 3304 negabant
1079 3216 1196 3305 populi
1226 3215 1356 3305 judicio

344 3323 543 3403 habebatur,
562 3331 595 3389 et
610 3324 688 3412 quia
704 3330 775 3391 erat
801 3322 940 3410 ingenio
972 3325 1289 3412 praestantissimus,
1322 3324 1354 3390 in

344 3450 380 3496 se
418 3431 655 3518 imperitorum
693 3429 923 3518 suspicionem
963 3431 1131 3520 praecipue
1169 3432 1350 3499 convertit.

343 3537 452 3626 Hujus
479 3536 697 3605 sermonibus
726 3536 928 3605 informatus
953 3538 1013 3606 sed
1039 3538 1202 3627 magistro
1235 3559 1356 3628 parurn

374 3796 383 3830 ¹
403 3798 524 3856 Taurum,
542 3798 591 3856 vu,
612 3802 650 3848 50.
673 3801 704 3846 De
722 3799 802 3858 Nicia,
820 3800 851 3847 cl.
872 3800 915 3847 Ta.
939 3801 1016 3856 licon,
1034 3801 1142 3859 Ancora).
1164 3798 1302 3848 Komoedr'en
1316 3797 1356 3846 dea

342 3879 464 3939 Aristoplr.
481 3880 565 3935 Rider,
587 3884 621 3929 tl.

372 3958 384 3993 ²
402 3962 471 4009 Droe.
486 3963 589 4018 Larum,
604 3963 633 4018 ll,
650 3964 685 4010 ll.

374 4037 385 4073 ³
402 4041 496 4100 Crosa„
511 4045 568 4091 Nat.
586 4045 667 4099 Dour„
683 4046 702 4098 Ι,
717 4047 755 4091 23.
773 4046 843 4092 D1oe.
858 4045 963 4100 Lusor„
976 4045 1017 4100 IX,
1036 4046 1058 4090 8.

315 4165 319 4172 .
372 4121 383 4154 ⁴
406 4124 476 4171 Sexr.
490 4126 589 4180 Ennia„
603 4123 662 4171 Ado.
681 4125 803 4182 Multam„
826 4127 869 4182 ΙΙΙ,
887 4128 924 4172 53.
940 4123 1034 4180 Crosa,
1049 4126 1105 4173 Nat.
1122 4125 1202 4173 beor..
1216 4125 1233 4180 Ι,
1251 4127 1298 4182 233
1314 4125 1354 4176 ΙΙΙ,

343 4204 380 4260 37,
400 4208 422 4250 et
436 4205 521 4252 Senon.
539 4206 632 4262 Auium,
649 4208 679 4252 ml
696 4221 719 4254 v.
742 4210 809 4255 tota.
