3156 5082
627 546 770 601 ..53-

185 667 277 736 teris
293 666 476 734 comoediae
493 674 650 736 auctores
666 667 810 736 ridiculo
823 669 1126 758 impugnaverunt,
1148 672 1206 742 bo-

186 795 316 842 norum
331 795 465 841 morum
480 794 562 842 cura
577 781 611 844 et
633 775 723 843 civili
748 775 980 846 sollicitudine
1000 776 1105 846 ducti.
1128 781 1204 848 Non

187 888 305 970 potest
319 881 466 950 dubitari
487 882 642 968 Cybeles,
666 883 845 964 Adonidis,
861 884 1001 962 Sabazii‚
1023 884 1203 954 Bendidis-

186 1009 260 1076 que
274 990 490 1077 orgiasticam
506 990 708 1078 religionem
725 990 908 1058 damnasse
924 991 1202 1084 Aristophanem,

188 1115 294 1182 quam
314 1095 573 1185 corrumpendis
585 1097 708 1163 animis
725 1097 938 1185 aptissimam
952 1104 985 1166 et
1000 1099 1116 1186 patriae
1130 1083 1203 1189 pie-

190 1203 255 1268 tati
280 1201 459 1270 adversam
477 1201 661 1291 judicabat.
684 1204 764 1280 Quae
784 1223 886 1291 supra
903 1204 1081 1273 attulimus
1112 1206 1204 1296 frag·

190 1315 310 1376 menta
327 1316 361 1376 et
375 1310 629 1378 commentariis
657 1309 954 1399 amplificavimus,
973 1331 1042 1378 non
1059 1303 1213 1401 amplio-¹

189 1435 267 1483 rem
281 1415 336 1482 hic
352 1417 529 1504 requirunt
549 1399 833 1506 disputationem
854 1433 914 1506 pm
943 1418 1125 1488 manilesto
1140 1420 1204 1488 ha·

190 1519 348 1588 bendum
364 1522 429 1591 erit
444 1541 484 1590 oo
511 1523 783 1591 acriuscomicus
810 1530 943 1592 veteres
958 1524 1012 1592 his
1032 1525 1205 1594 erroribus

191 1627 392 1696 adventitiis
407 1628 584 1708 institisse,
603 1629 696 1717 quod
718 1629 852 1697 ridiculi
869 1629 1010 1699 uberem
1027 1633 1205 1700 materiem

190 1741 229 1802 et
268 1734 348 1802 boni
382 1736 418 1802 in
458 1737 631 1805 civitatem
664 1736 768 1803 animi
808 1736 957 1805 testandi
989 1739 1204 1807 occasionem

190 1841 403 1929 prabebant.
433 1840 534 1930 Apud
557 1843 737 1911 vetustatis
772 1842 925 1911 fautores
947 1844 1116 1912 comoedia
1147 1846 1204 1912 illa

189 1967 262 2034 qua
276 1949 436 2019 Minervae
459 1949 688 2018 extollebatur
701 1949 897 2038 imperium,
917 1949 1090 2019 infamatis
1107 1953 1204 2019 Asia-

192 2054 268 2120 ticis
284 2054 495 2128 numinibus,
513 2075 582 2123 non
598 2057 679 2123 artis
695 2062 828 2124 tantum
839 2057 979 2146 praemia
994 2056 1054 2125 sed
1068 2058 1204 2146 pietatis

192 2160 398 2228 merehatur,

238 2267 353 2356 Longe
368 2287 449 2337 vero
464 2267 562 2337 aliter
580 2269 823 2336 aestimandum
837 2276 889 2336 est
908 2269 951 2336 de
971 2287 1010 2337 ea
1026 2269 1202 2357 religionis

192 2374 346 2459 mysticae
361 2382 468 2464 parte,
487 2395 563 2462 quae
575 2375 618 2442 ab
634 2382 753 2444 octavo
766 2375 890 2443 saeculo
902 2396 962 2464 per
976 2377 1119 2443 Atticam
1131 2397 1205 2464 pro·

192 2483 324 2569 pagata,
344 2481 390 2548 ita
407 2481 579 2550 uictoribus
596 2482 728 2571 placitis
743 2487 796 2550 est
810 2481 972 2562 admixta,
995 2487 1033 2549 ut
1059 2482 1114 2549 vix
1137 2501 1204 2549 me·

192 2590 301 2657 moria
316 2591 487 2680 originum
507 2593 582 2681 ejus
597 2591 815 2680 superfuerit,
833 2611 910 2680 quae
938 2597 1064 2659 contra·
1079 2591 1205 2659 Aristo-

191 2697 315 2784 phanis
328 2704 492 2787 tempore,
509 2699 692 2766 altissimas
713 2698 843 2768 radices
870 2699 904 2765 in
920 2700 1075 2767 Graecum
1089 2704 1205 2786 egerat

191 2803 305 2870 solum
330 2811 364 2872 et
387 2805 599 2872 Athenarum
630 2805 743 2873 aditus
772 2805 1052 2894 splendidissimo
1076 2804 1204 2893 templo
1233 2811 1236 2817 '

191 2909 360 2979 aediticato
380 2929 565 3000 occupasse
584 2911 763 2981 videbatur
784 2937 791 2978 ε
812 2912 1063 2980 Eleusiniorum
1081 2929 1205 2999 nempe

190 3015 349 3098 deorum,
367 3019 500 3086 Cereris·
516 3019 795 3107 Proserpinaeque
817 3038 895 3084 cum
912 3018 1032 3085 laccho
1052 3023 1204 3085 secretus

191 3123 316 3192 cultus.
344 3125 407 3191 Hic
436 3145 633 3213 quanquam
654 3125 803 3192 externis
832 3123 999 3192 oriundus
1035 3123 1201 3202 fontibus,

192 3237 271 3317 post
287 3231 417 3298 Persica
433 3230 522 3299 bella
542 3251 611 3299 non
635 3232 803 3300 minorem
822 3231 855 3298 in
877 3231 1012 3298 civitate
1027 3248 1128 3317 quam
1142 3248 1203 3295 an-

195 3336 287 3424 tiqua
310 3337 517 3425 Acropoleos
532 3338 673 3404 numina
693 3337 846 3407 favorem
868 3335 1061 3405 obtinuerat
1080 3339 1103 3403 ¹.
1121 3337 1203 3404 Gra-

194 3443 333 3510 vissima
357 3450 439 3511 sunt
472 3443 668 3511 testimonia
698 3444 898 3532 dignitatem
929 3444 1003 3532 ejus
1030 3442 1205 3531 religionis

193 3548 449 3636 praedicantium
470 3574 476 3616 :
492 3569 570 3637 qum
589 3551 668 3637 quia
683 3551 844 3617 omnibns
859 3555 940 3617 sunt
951 3557 1030 3617 nota
1046 3556 1079 3616 ct
1089 3549 1123 3616 in
1139 3549 1204 3615 ulio

193 3653 279 3722 libro
294 3675 314 3722 a
330 3657 429 3724 nohis
449 3655 615 3746 explicata
632 3660 658 3736 ²,
681 3657 1044 3726 commemorationem
1071 3662 1204 3724 tantum

193 3761 249 3829 hic
279 3763 510 3852 expostulant.
536 3763 688 3832 Occurrit
711 3765 745 3830 iu
775 3765 895 3853 primis
917 3764 1083 3832 Pindarus
1100 3769 1126 3845 ³,
1150 3763 1204 3830 cui

222 4045 231 4082 ¹
253 4051 372 4107 Puncta„
386 4051 414 4108 V,
433 4054 474 4108 lo;
493 4053 522 4108 x.
539 4055 578 4100 ³¹.

219 4127 239 4163 ¹·
251 4129 329 4177 lituae
342 4141 388 4178 rur
404 4129 438 4178 les
450 4126 558 4190 ldmona,
574 4137 627 4180 tut.

221 4209 330 4268 ³Prun.‚
355 4211 452 4270 liccem,
473 4213 503 4260 ir.
524 4215 547 4260 t.
569 4215 708 4261 Soraocnns
723 4226 764 4272 ap.
782 4211 917 4269 Plutarch„
936 4211 998 4260 dud
1017 4215 1090 4272 poct,
1110 4212 1148 4265 ll',
1165 4213 1203 4258 tt.
