3156 5082
555 1174 686 1242 CAPUT
712 1173 907 1242 TERTIUM.

256 1417 509 1466 Antsrornauns
532 1419 569 1465 IN
593 1417 722 1466 DIVINIS
748 1417 1036 1466 PHILOSOPHORUM
1061 1417 1206 1466 FAUTOR.

270 1675 363 1743 Adeo
402 1676 642 1764 pervulgatum
686 1683 740 1744 est
779 1676 942 1745 omuibus
971 1675 1237 1765 Aristophanem

225 1802 362 1871 semper
377 1782 667 1872 philosophorum
688 1784 796 1874 ipsius
817 1784 927 1851 aetatis
949 1783 1103 1852 extitisse
1122 1782 1238 1850 adver·

225 1890 365 1966 sarium,
386 1894 507 1959 utnon
528 1891 603 1958 sine
622 1891 836 1980 gravissimis
857 1890 1047 1959 rationibus
1063 1890 1236 1959 diversam

226 2017 249 2068 a.
265 1997 366 2066 nohis
393 1998 590 2086 opinionem
611 1997 865 2087 suscipiendam
890 2018 967 2068 esse
983 2004 1156 2088 putemus.
1177 2001 1239 2066 Per

223 2125 328 2192 quem
344 2104 372 2172 si
388 2105 619 2194 periculosum
636 2112 689 2174 est
704 2106 891 2174 multorum
906 2107 1116 2195 persuasioni
1133 2106 1237 2174 offen-

224 2210 319 2289 dere,
337 2210 422 2279 iilud
438 2211 560 2279 saltem
582 2213 829 2301 gratissimum,
858 2213 901 2280 ab
931 2213 1048 2301 iniqua
1076 2233 1239 2300 quorum-

223 2317 305 2386 dam
335 2318 507 2388 sententia
536 2325 694 2395 nostrum
727 2319 883 2400 liberere,
910 2339 1016 2408 quom
1042 2319 1234 2388 discordem

224 2443 340 2494 seeum
355 2424 462 2494 fuisse
493 2425 677 2507 affirment,
696 2425 730 2492 id
749 2432 801 2494 est
814 2427 990 2495 communi
1014 2425 1115 2516 plane
1130 2447 1236 2496 sensu

223 2532 375 2602 caruisse
395 2536 419 2612 ¹,
449 2533 576 2623 quippe
604 2534 662 2622 qui
685 2535 835 2622 antiquae
858 2534 1035 2624 religionis
1056 2553 1236 2602 censuram

219 2641 327 2708 simul
341 2646 375 2708 et
390 2641 619 2730 patrecinium
632 2642 813 2730 amplexus
827 2641 932 2710 fuerit
950 2648 1051 2730 atque
1071 2642 1118 2709 ita
1142 2641 1236 2710 fabu-

223 2746 274 2814 las
287 2765 367 2814 sues
386 2747 509 2815 aluerit
526 2747 677 2836 ineptiis.
698 2749 770 2817 Hoc
793 2748 950 2837 graviore
981 2768 1083 2836 quem
1112 2748 1236 2837 impio·

224 2854 469 2935 tatisorimine,
486 2853 564 2941 quia
585 2853 727 2924 demum
749 2853 937 2924 denomino
964 2855 1088 2945 agitur,
1107 2854 1134 2922 si
1153 2875 1234 2923 nos·

223 2969 313 3028 trum
328 2960 557 3041 vindicamus
578 2981 648 3030 non
663 2961 790 3030 laboris
804 2962 945 3052 pigebit.

266 3066 464 3138 Cavendum
481 3075 595 3136 tamen
613 3089 656 3138 ne
672 3075 722 3136 tot
737 3069 924 3139 illustrium
940 3070 1236 3140 oritieorumcom·

221 3175 491 3244 mentationihus
510 3181 591 3244 ente
617 3176 734 3246 oeulos
767 3176 900 3266 positis,
924 3176 1088 3244 novitatis
1116 3176 1234 3244 dulue-

222 3280 302 3349 dine
315 3282 412 3360 ebrii,
431 3283 598 3373 voluptati
618 3285 744 3352 mentis
758 3292 885 3353 nostrae
899 3283 978 3373 plus
994 3304 1093 3372 aequo
1119 3282 1235 3350 indul·

221 3409 374 3480 geamus.
404 3391 546 3466 Nonnisi
579 3394 812 3482 magnoteoti
839 3391 1027 3480 patrocinio
1053 3391 1088 3458 in
1127 3391 1234 3460 aciem

223 3497 381 3587 progredi
408 3498 568 3577 velimus,
580 3499 708 3570 seilicet
721 3518 740 3566 a
753 3501 786 3567 C.
803 3498 924 3566 Kookii
934 3498 1234 3582 commentatione,

220 3608 405 3696 quemjam
426 3628 528 3698 snpra
544 3609 578 3675 in
599 3608 838 3677 testimonium
860 3609 965 3697 hujus
988 3606 1109 3696 judieii
1128 3605 1235 3675 advo·

220 3711 385 3792 cavimus,
404 3713 493 3782 hano
507 3735 645 3803 quoque
657 3715 771 3804 operis
788 3715 896 3782 nostri
909 3720 1041 3804 partem
1056 3714 1231 3803 auspicati.

219 3819 282 3902 Opi
313 3841 390 3888 cum
425 3821 577 3890 lucidum
612 3843 680 3890 uon
708 3822 789 3890 huie
808 3827 941 3889 tentum
966 3821 1147 3909 quaestioni
1173 3818 1232 3888 sed

219 3927 375 3995 omnium
391 3928 603 4017 antiquitatis
622 3933 801 4020 poetarum
816 3927 1090 4017 interpretationi
1117 3924 1233 4014 subje-

250 4186 302 4235 ¹V.
320 4188 444 4246 fluorem«,
460 4189 506 4238 Ad.
521 4191 637 4239 damon.
652 4188 774 4250 Aratopt.
790 4186 919 4248 translat,
934 4191 953 4246 1,
967 4202 991 4250 p.
1006 4188 1060 4236 aei.
1082 4221 1087 4236 .
1157 4151 1159 4156 Ι
1181 4231 1183 4238 .
1214 4227 1219 4240 ,

1020 4271 1035 4324 7
