3156 5082
600 507 780 571 .-laa-

195 637 383 728 discipulus
409 635 466 702 illa
493 636 540 702 ita
570 633 761 722 neglexerit
791 639 849 701 aut
868 631 1133 721 impugnaverit,
1167 639 1206 699 ut

194 744 359 833 temporis
371 743 424 810 sui
440 741 555 809 indole
570 740 744 828 abreptus
762 739 1027 828 cumsuperiore
1052 739 1205 805 oratione

195 852 230 919 in
245 856 401 929 uncinos,
421 849 552 938 abjecto
568 848 680 936 priore
692 847 912 925 vestimento
934 845 1070 913 inimica
1090 851 1200 912 castra

194 956 369 1026 videretur
383 961 498 1044 petere
517 959 526 1003 ¹
549 979 555 1021 :

495 1176 568 1252 Πρὸς
578 1180 629 1230 τῶν
644 1177 716 1242 θεῶν,
736 1170 843 1241 diffundi
856 1191 907 1249 μου

574 1273 729 1350 Θοίμᾶτιον,
747 1273 782 1336 ὡς

496 1359 670 1447 &europeia
683 1372 750 1448 πρὸς
764 1371 846 1447 ὑμᾶς.

199 1633 294 1712 Quod
306 1633 434 1703 nedum
450 1635 480 1702 ei
507 1639 671 1721 tanquam
696 1654 845 1702 errorem
861 1636 1055 1704 nutritium
1071 1634 1206 1725 objicia-

200 1761 288 1820 mus,
304 1740 444 1809 liberius
460 1739 560 1808 etiam
573 1745 607 1808 et
623 1740 829 1828 pertinacius
850 1741 997 1809 velimus
1009 1743 1081 1832 jam
1101 1761 1205 1809 ecar-

199 1848 332 1915 ceribus
347 1846 389 1913 ab
405 1846 462 1914 illo
478 1846 584 1915 fuisso
604 1853 813 1935 susceptum.

243 1953 404 2022 Obstabat
420 1974 500 2022 vero
520 1954 705 2041 quominus
726 1955 901 2043 sapientiae
925 1953 1048 2023 studiis
1077 1956 1206 2023 Aristo-

199 2061 330 2150 phanes
351 2058 553 2129 concederet
566 2066 600 2129 et
613 2060 792 2129 comoediae
809 2062 915 2150 ipsius
936 2061 1096 2144 conditio,
1115 2062 1209 2150 vulgi

199 2167 361 2235 adstricta
385 2166 617 2256 opinionibus,
643 2189 778 2237 necnon
804 2169 954 2237 civilium
994 2189 1119 2248 rerum,
1138 2189 1208 2235 non

200 2273 581 2364 improbaquidemsed
608 2296 693 2343 caeca
719 2277 1025 2366 existimatioque
1049 2294 1118 2341 non
1142 2274 1208 2340 hu-

201 2382 374 2464 manitatis
385 2382 491 2449 totius
502 2380 563 2450 sed
576 2382 732 2450 factionis
747 2382 926 2471 cujusdem
939 2381 1052 2449 fautor
1064 2381 1207 2449 exstitit.

199 2487 787 2576 Reipublicaeeumamantissimum
813 2489 992 2568 fateamur,
1016 2487 1140 2555 veteris
1155 2487 1208 2553 in-

200 2595 378 2674 nocentiae,
395 2593 617 2674 fortitudinis,
633 2595 769 2684 pietatis
791 2595 1009 2665 defensorem
1021 2593 1206 2661 honorum-

199 2721 266 2789 que
290 2721 425 2768 morum
439 2699 510 2769 fore
525 2719 660 2790 semper
668 2703 963 2792 propugnaculum
981 2703 1008 2767 ².
1035 2701 1135 2768 Falsa
1155 2706 1206 2767 ta-

199 2827 280 2876 men
303 2806 471 2875 abductus
499 2808 623 2896 speeie,
643 2809 761 2896 priscis
790 2810 984 2890 virtutibus,
1012 2808 1075 2877 etsi
1093 2827 1151 2876 eas
1167 2806 1210 2874 ab

201 2915 420 3002 antiquorum
443 2915 609 3002 religione
637 2916 850 3004 segregabat,
868 2921 1051 2985 novatores
1076 2915 1125 2982 ire
1147 2913 1209 2982 ob-

202 3021 293 3089 viam
308 3020 463 3103 credidit,
482 3021 561 3109 quia
577 3021 751 3090 nobilibus
765 3022 888 3091 studiis
904 3043 992 3092 nova
1009 3025 1212 3112 aperuerant

201 3128 378 3208 curricula,
401 3132 435 3195 et
461 3127 663 3218 religionem
697 3129 800 3196 simul
826 3129 1110 3219 disciplinamque
1129 3127 1211 3194 ciui·

202 3234 281 3302 tatis
296 3234 436 3302 rationis
455 3233 682 3303 fundamento
698 3235 875 3327 imponere
890 3240 1077 3304 tentarunt.

250 3341 360 3410 Liceat
376 3341 521 3428 posteris
537 3341 601 3407 sihi
620 3342 783 3432 effingere
799 3344 1017 3432 cogitatione,
1040 3339 1150 3430 qualis
1166 3345 1213 3407 at·
1238 3379 1245 3388 ·

204 3449 278 3516 ticae
298 3445 477 3514 comoediae
493 3467 569 3533 quae
585 3454 654 3514 tam
665 3448 808 3518 illustria
823 3451 907 3517 artis
923 3449 1129 3517 documenta
1144 3445 1214 3514 edi-

204 3554 265 3635 dit,
284 3555 398 3622 futura
428 3552 550 3620 fuisset
576 3555 627 3622 vis
656 3562 757 3644 atque
781 3562 943 3646 potestas,
970 3557 997 3623 si
1020 3555 1061 3622 ad
1087 3559 1213 3622 rectam

205 3661 399 3730 divinorum
415 3660 592 3729 scientiam
609 3663 878 3750 promovendam
902 3663 1071 3732 Socratem
1092 3660 1213 3729 adver-

236 3919 245 3956 ¹
265 3919 327 3970 Nub.
357 3924 426 3972 1103.

234 3957 475 4063 *Excipiendasunt
490 4013 546 4063 quie
561 4003 591 4052 de
603 4003 724 4054 adulterio
736 4005 800 4068 (Aa,
814 4003 878 4066 793),
892 4007 922 4056 de
935 4003 1097 4070 παιδεραστίᾳ
1110 4004 1213 4067 (liquit,

208 4085 284 4144 1³85).
299 4088 328 4134 de
340 4087 459 4145 pudicitia
476 4089 537 4145 (Aa.
552 4087 616 4148 755),
623 4089 730 4146 iocando
745 4090 826 4138 emisit
840 4107 845 4139 :
859 4088 1094 4150 paucaeilineae
1107 4088 1215 4135 baecha-

206 4166 270 4212 nalia
282 4167 343 4214 ratio
359 4167 467 4228 habetur,
483 4169 524 4214 sed
539 4180 567 4213 ao
580 4169 660 4228 magis
674 4170 825 4218 adnotanda.
