3114 5088
636 515 777 570 45..

194 641 280 710 bitis
294 638 461 709 abstinuit
481 639 740 728 Aristophanes.
762 641 810 710 De
825 641 1081 712 immortalitate
1099 647 1122 727 ¹,
1136 644 1213 732 jus·

194 749 284 828 titia,
298 747 488 826 sanctitate,
502 766 587 834 quas
600 747 744 815 virtutes
754 746 906 836 theologi
921 747 994 816 suis
1013 748 1213 818 numinibus

195 854 405 934 tribuerunt,
426 862 581 942 utsupra
598 854 784 920 humanam
812 854 1043 924 conditionem
1068 857 1213 925 colloca-

196 968 329 1045 rentur,
367 960 508 1028 ridicula
538 960 646 1026 multa
676 961 806 1042 emisit;
847 963 1066 1051 negationem
1103 965 1213 1052 ipsam

197 1070 346 1139 deorum
362 1074 421 1136 aut
445 1065 586 1156 impiam
609 1074 701 1136 certe
721 1067 972 1138 dubitationem
991 1069 1085 1138 haud
1106 1071 1214 1140 semel

198 1178 329 1246 comice
338 1175 516 1246 exornavit
532 1178 559 1254 2,
572 1181 608 1241 ut
617 1180 789 1242 constaret
798 1176 1214 1264 posterisAtheniensium

199 1281 393 1374 quotidiani
406 1283 577 1352 sermonis
595 1282 782 1370 imaginem
798 1283 833 1349 in
850 1282 905 1351 his
924 1303 1000 1352 esse
1016 1305 1214 1374 expressam

200 1399 237 1462 et
255 1393 434 1482 vulgarem
455 1390 562 1458 fuisse
583 1388 781 1478 opinionem
796 1389 891 1458 illam
905 1390 940 1458 in
963 1391 1111 1473 civitate,
1131 1392 1215 1461 deos

202 1520 325 1589 parum
343 1516 481 1568 curasse
501 1495 583 1584 quid
599 1494 642 1563 dc
658 1515 696 1564 se
716 1496 877 1566 homines
897 1498 1076 1567 sentirent.
1095 1500 1215 1570 licen-

202 1609 284 1676 tiam
305 1607 400 1676 illam
425 1606 469 1676 de
488 1604 615 1672 divinis
639 1601 801 1672 omnibus
815 1603 990 1691 jocantem
1009 1613 1043 1673 et
1061 1607 1217 1676 alacriter

201 1716 238 1782 in
253 1713 516 1784 delectationem
544 1711 639 1800 vulgi
665 1714 858 1778 vertentem
883 1710 1049 1800 quidquid
1069 1717 1213 1796 occasio,

201 1827 445 1911 argumentum
472 1817 609 1898 fabulae,
636 1837 734 1884 mens
757 1815 864 1885 libere
883 1837 943 1905 per
965 1838 1077 1887 sacras
1102 1822 1216 1910 prola·

202 1948 335 2018 nasquo
359 1947 411 1996 res
428 1944 578 2015 evagans
602 1923 765 2012 suggerit,
785 1924 857 2012 jam
872 1923 907 1991 in
922 1929 1099 2010 qutttbos
1113 1949 1217 2019 supra

204 2033 516 2124 deprehendimus
535 2031 649 2102 etalio
666 2031 740 2100 loeo
751 2030 794 2097 de
810 2035 967 2113 uacuus,
980 2035 1078 2122 cujus
1091 2034 1216 2104 labulae

204 2160 340 2208 summa
361 2139 404 2208 ad
419 2141 569 2228 antiqua
589 2138 763 2228 religionis
778 2145 812 2207 et
831 2139 1021 2228 disciplinae
1044 2140 1216 2212 defensio·

204 2268 284 2316 nem
304 2247 426 2328 tendit,
443 2246 653 2315 notabimus.
677 2247 758 2312 Eam
778 2252 891 2315 tamen
913 2266 953 2314 eo
973 2249 1088 2315 minus
1102 2248 1218 2317 licebit

205 2357 345 2445 impiam
362 2373 494 2435 vocare,
518 2352 612 2448 quorl
628 2351 753 2420 labulae
768 2353 841 2420 iliae
851 2354 983 2442 spiritu,
999 2362 1214 2442 argumento,

206 2464 298 2532 haud
314 2462 422 2533 semel
436 2461 613 2550 enuntiata
626 2465 735 2548 poetae
747 2459 971 2548 professione,
994 2461 1111 2549 patriae
1127 2464 1219 2530 auxi·

204 2573 332 2639 liantur
359 2569 524 2636 institutis
551 2573 585 2634 ct
609 2566 789 2656 gentilium
820 2567 965 2635 deorum
990 2567 1217 2655 patrocinium

205 2679 397 2766 suscipiunt
414 2681 439 2742 ³.

237 2781 451 2852 ¹Deliberatae
474 2782 659 2871 impietatis
685 2783 830 2871 vestigia
864 2790 1046 2850 occurrunt
1075 2783 1111 2849 in
1135 2787 1219 2848 Pace

207 2892 366 2981 primum,
385 2890 445 2960 sed
462 2891 508 2957 ita
520 2895 559 2957 ut
574 2889 710 2979 tragicae
723 2897 825 2977 atque
840 2890 944 2977 epieae
964 2899 1101 2979 παρῳδίας
1117 2910 1218 2957 excu-

208 3001 350 3079 satione,
369 2997 520 3066 convicia
539 2998 573 3062 in
597 2995 681 3064 deos
696 2997 820 3084 jactata
849 2996 948 3062 sinon
981 2996 1117 3084 purgari
1143 3015 1217 3062 om-

208 3103 288 3170 nino
307 3107 342 3170 at
362 3101 483 3170 saltem
507 3103 683 3171 extenuari
712 3108 853 3190 possent
871 3101 896 3167 ⁴.
921 3101 1083 3168 Dubitare
1102 3109 1218 3170 tamen

208 3209 285 3286 licet
310 3217 426 3276 utrum
456 3215 566 3298 poeta,
602 3211 656 3298 pia
687 3214 803 3278 mente
831 3207 1027 3288 instinctus,
1054 3207 1219 3298 jucundae

207 3316 372 3384 irrisionis
386 3316 503 3404 gratia,
517 3336 595 3384 cum
608 3321 702 3384 tauto
715 3321 912 3404 contemptu
923 3314 966 3384 de
976 3314 1041 3383 diis
1054 3315 1221 3384 voluisset

207 3422 311 3513 loqui.
325 3423 356 3490 Si
373 3443 414 3491 ex
428 3423 532 3490 altera
547 3429 642 3512 parte
655 3423 961 3492 animadvertimus
970 3424 1040 3512 jam
1059 3423 1093 3489 in
1113 3427 1221 3507 Vespis

236 3699 311 3760 tle,
330 3699 398 3750 ital.
416 3703 489 3758 llam,
503 3703 557 3750 629.
572 3699 707 3758 ucrteaaz,
722 3704 776 3749 779,
794 3703 924 3762 repentae,
945 3702 1033 3760 fragm.
1051 3701 1128 3763 (apud
1140 3701 1218 3760 bidct,

208 3781 269 3842 5⁰6).
287 3780 360 3839 etot,
375 3783 475 3841 passim.
491 3781 564 3838 Num,
581 3785 649 3830 t080.
662 3787 716 3840 Aa„
733 3785 776 3828 666
787 3788 811 3829 et
824 3795 875 3841 seq.
895 3785 967 3840 Pam,
981 3781 1036 3830 647.

235 3859 349 3923 'Equtt.,
367 3865 396 3909 66
408 3866 432 3910 et
445 3875 497 3921 seq.
511 3861 586 3918 Not„
603 3861 648 3908 att
661 3867 757 3921 etseq,
772 3865 827 3919 366,
845 3865 900 3920 616,
924 3865 991 3910 1232.
1007 3865 1078 3924 Rea,
1094 3865 1148 3910 529.
1164 3863 1218 3920 Aa,

209 3943 275 3989 1663.
294 3942 398 3998 ibidem,
411 3943 444 3988 De
459 3943 569 4003 Diagora
581 3942 654 4004 ἀθέῳ,
675 3946 733 3990 1068
746 3947 770 3989 et
783 3955 833 4002 seq.

236 4018 247 4054 θ
262 4022 352 4084 liquit,
370 4022 414 4069 677
429 4035 435 4065 :
466 4023 562 4086 Προῖκα
577 4021 692 4084 γενναίως
704 4022 804 4084 ἀμύνειν
816 4024 857 4071 καὶ
875 4022 939 4078 θεοῖς
953 4021 1088 4086 ἐγχωρίοις.

235 4098 314 4150 ⁴Vid.
333 4102 407 4151 intra.
431 4116 484 4162 cap.
505 4104 535 4150 ll.
563 4103 598 4151 (ll.
620 4116 669 4150 vau
684 4116 731 4150 nna
748 4116 827 4152 sanor
844 4103 1005 4156 Brunursau,
1024 4104 1057 4148 lle
1070 4101 1181 4150 Porortr'a
1192 4102 1220 4148 in

206 4180 323 4230 cotnouta
334 4183 457 4244 aristoph.
