<?xml version="1.0" encoding="UTF-8"?>
<!DOCTYPE html PUBLIC "-//W3C//DTD XHTML 1.0 Transitional//EN"
    "http://www.w3.org/TR/xhtml1/DTD/xhtml1-transitional.dtd">
<html xmlns="http://www.w3.org/1999/xhtml" xml:lang="en" lang="en">
 <head>
  <title>
</title>
<meta http-equiv="Content-Type" content="text/html;charset=utf-8" />
  <meta name='ocr-system' content='tesseract 3.04.00' />
  <meta name='ocr-capabilities' content='ocr_page ocr_carea ocr_par ocr_line ocrx_word'/>
</head>
<body>
  <div class='ocr_page' id='page_1' title='image "./aristophanesimp00hildgoog_0139.png"; bbox 0 0 3156 5082; ppageno 0'>
   <div class='ocr_carea' id='block_1_1' title="bbox 776 522 934 575">
    <p class='ocr_par' dir='ltr' id='par_1_1' title="bbox 776 522 934 575">
     <span class='ocr_line' id='line_1_1' title="bbox 776 522 934 575; baseline 0 0"><span class='ocrx_word' id='word_1_1' title='bbox 776 522 934 575; x_wconf 75' lang='lat' dir='ltr'><strong>-tat-</strong></span> 
     </span>
    </p>
   </div>
   <div class='ocr_carea' id='block_1_2' title="bbox 286 641 1374 3607">
    <p class='ocr_par' dir='ltr' id='par_1_2' title="bbox 351 641 1364 1158">
     <span class='ocr_line' id='line_1_2' title="bbox 351 641 1362 732; baseline -0.005 -18"><span class='ocrx_word' id='word_1_2' title='bbox 351 643 569 724; x_wconf 76' lang='grc'><strong>(1111110611</strong></span> <span class='ocrx_word' id='word_1_3' title='bbox 596 649 715 712; x_wconf 84' lang='lat' dir='ltr'><strong>contra</strong></span> <span class='ocrx_word' id='word_1_4' title='bbox 749 665 845 731; x_wconf 80' lang='lat' dir='ltr'><strong>aequa</strong></span> <span class='ocrx_word' id='word_1_5' title='bbox 872 643 943 723; x_wconf 86' lang='lat' dir='ltr'><strong>illa,</strong></span> <span class='ocrx_word' id='word_1_6' title='bbox 981 642 1118 732; x_wconf 86' lang='lat' dir='ltr'><strong>sapiens</strong></span> <span class='ocrx_word' id='word_1_7' title='bbox 1150 645 1184 710; x_wconf 90' lang='lat' dir='ltr'><strong>et</strong></span> <span class='ocrx_word' id='word_1_8' title='bbox 1212 641 1362 710; x_wconf 89' lang='lat' dir='ltr'><strong>liberalis</strong></span> 
     </span>
     <span class='ocr_line' id='line_1_3' title="bbox 351 748 1363 841; baseline -0.007 -20"><span class='ocrx_word' id='word_1_9' title='bbox 351 754 438 822; x_wconf 90' lang='lat' dir='ltr'><strong>Pluti</strong></span> <span class='ocrx_word' id='word_1_10' title='bbox 466 758 629 841; x_wconf 87' lang='lat' dir='ltr'><strong>potestas,</strong></span> <span class='ocrx_word' id='word_1_11' title='bbox 652 752 719 818; x_wconf 91' lang='lat' dir='ltr'><strong>nisi</strong></span> <span class='ocrx_word' id='word_1_12' title='bbox 742 771 861 818; x_wconf 88' lang='lat' dir='ltr'><strong>verum</strong></span> <span class='ocrx_word' id='word_1_13' title='bbox 891 771 930 818; x_wconf 90' lang='lat' dir='ltr'><strong>ao</strong></span> <span class='ocrx_word' id='word_1_14' title='bbox 958 770 1083 840; x_wconf 88' lang='lat' dir='ltr'><strong>purum</strong></span> <span class='ocrx_word' id='word_1_15' title='bbox 1110 769 1251 829; x_wconf 88' lang='lat' dir='ltr'><strong>nomen,</strong></span> <span class='ocrx_word' id='word_1_16' title='bbox 1269 748 1363 838; x_wconf 87' lang='lat' dir='ltr'><strong>quod</strong></span> 
     </span>
     <span class='ocr_line' id='line_1_4' title="bbox 351 854 1362 944; baseline -0.003 -20"><span class='ocrx_word' id='word_1_17' title='bbox 351 858 476 924; x_wconf 81' lang='lat' dir='ltr'><strong>frustra</strong></span> <span class='ocrx_word' id='word_1_18' title='bbox 499 858 533 923; x_wconf 92' lang='lat' dir='ltr'><strong>in</strong></span> <span class='ocrx_word' id='word_1_19' title='bbox 563 854 830 923; x_wconf 82' lang='lat' dir='ltr'><strong>fabulationibus</strong></span> <span class='ocrx_word' id='word_1_20' title='bbox 856 856 1005 943; x_wconf 75' lang='lat' dir='ltr'><strong>antiquis</strong></span> <span class='ocrx_word' id='word_1_21' title='bbox 1030 857 1194 944; x_wconf 79' lang='lat' dir='ltr'>requiras,</span> <span class='ocrx_word' id='word_1_22' title='bbox 1224 855 1267 923; x_wconf 91' lang='lat' dir='ltr'><strong>de</strong></span> <span class='ocrx_word' id='word_1_23' title='bbox 1293 873 1362 942; x_wconf 89' lang='lat' dir='ltr'><strong>quo</strong></span> 
     </span>
     <span class='ocr_line' id='line_1_5' title="bbox 352 961 1363 1052; baseline -0.004 -22"><span class='ocrx_word' id='word_1_24' title='bbox 352 963 633 1052; x_wconf 84' lang='lat' dir='ltr'><strong>philosophijam</strong></span> <span class='ocrx_word' id='word_1_25' title='bbox 663 961 769 1030; x_wconf 86' lang='lat' dir='ltr'><strong>multa</strong></span> <span class='ocrx_word' id='word_1_26' title='bbox 785 961 958 1042; x_wconf 86' lang='lat' dir='ltr'><strong>viderunt,</strong></span> <span class='ocrx_word' id='word_1_27' title='bbox 985 967 1087 1050; x_wconf 84' lang='lat' dir='ltr'><strong>atque</strong></span> <span class='ocrx_word' id='word_1_28' title='bbox 1116 981 1156 1031; x_wconf 92' lang='grc' dir='ltr'><strong>6ο</strong></span> <span class='ocrx_word' id='word_1_29' title='bbox 1188 962 1263 1050; x_wconf 91' lang='lat' dir='ltr'><strong>ipso</strong></span> <span class='ocrx_word' id='word_1_30' title='bbox 1280 968 1363 1030; x_wconf 90' lang='lat' dir='ltr'><strong>tem-</strong></span> 
     </span>
     <span class='ocr_line' id='line_1_6' title="bbox 352 1066 1364 1158; baseline -0.004 -21"><span class='ocrx_word' id='word_1_31' title='bbox 352 1090 433 1158; x_wconf 85' lang='lat' dir='ltr'><strong>pore</strong></span> <span class='ocrx_word' id='word_1_32' title='bbox 449 1069 541 1137; x_wconf 84' lang='lat' dir='ltr'><strong>Plato</strong></span> <span class='ocrx_word' id='word_1_33' title='bbox 565 1075 642 1158; x_wconf 92' lang='lat' dir='ltr'><strong>post</strong></span> <span class='ocrx_word' id='word_1_34' title='bbox 661 1069 831 1135; x_wconf 74' lang='lat' dir='ltr'><strong>Socratem</strong></span> <span class='ocrx_word' id='word_1_35' title='bbox 857 1067 1115 1156; x_wconf 85' lang='lat' dir='ltr'><strong>praeolarissime</strong></span> <span class='ocrx_word' id='word_1_36' title='bbox 1143 1066 1364 1156; x_wconf 74' lang='lat' dir='ltr'><strong>disputabat?</strong></span> 
     </span>
    </p>

    <p class='ocr_par' dir='ltr' id='par_1_3' title="bbox 286 1174 1374 3607">
     <span class='ocr_line' id='line_1_7' title="bbox 396 1174 1364 1264; baseline -0.001 -22"><span class='ocrx_word' id='word_1_37' title='bbox 396 1175 522 1243; x_wconf 87' lang='lat' dir='ltr'><strong>Fabula</strong></span> <span class='ocrx_word' id='word_1_38' title='bbox 538 1181 652 1243; x_wconf 85' lang='lat' dir='ltr'><strong>tamen</strong></span> <span class='ocrx_word' id='word_1_39' title='bbox 673 1174 741 1253; x_wconf 90' lang='lat' dir='ltr'><strong>illa,</strong></span> <span class='ocrx_word' id='word_1_40' title='bbox 761 1180 920 1261; x_wconf 87' lang='lat' dir='ltr'><strong>provecta</strong></span> <span class='ocrx_word' id='word_1_41' title='bbox 929 1177 1000 1264; x_wconf 89' lang='lat' dir='ltr'><strong>jam</strong></span> <span class='ocrx_word' id='word_1_42' title='bbox 1011 1174 1249 1263; x_wconf 79' lang='lat' dir='ltr'><strong>Aristophanis</strong></span> <span class='ocrx_word' id='word_1_43' title='bbox 1263 1179 1364 1241; x_wconf 82' lang='lat' dir='ltr'><strong>aetato</strong></span> 
     </span>
     <span class='ocr_line' id='line_1_8' title="bbox 354 1280 1364 1369; baseline -0.004 -19"><span class='ocrx_word' id='word_1_44' title='bbox 354 1281 533 1369; x_wconf 86' lang='lat' dir='ltr'><strong>exscripta,</strong></span> <span class='ocrx_word' id='word_1_45' title='bbox 557 1281 693 1347; x_wconf 85' lang='lat' dir='ltr'><strong>tristitia</strong></span> <span class='ocrx_word' id='word_1_46' title='bbox 712 1280 859 1368; x_wconf 86' lang='lat' dir='ltr'><strong>quadam</strong></span> <span class='ocrx_word' id='word_1_47' title='bbox 877 1287 911 1348; x_wconf 90' lang='lat' dir='ltr'><strong>et</strong></span> <span class='ocrx_word' id='word_1_48' title='bbox 938 1280 1038 1349; x_wconf 86' lang='lat' dir='ltr'><strong>taedio</strong></span> <span class='ocrx_word' id='word_1_49' title='bbox 1058 1280 1284 1348; x_wconf 85' lang='lat' dir='ltr'><strong>humanarum</strong></span> <span class='ocrx_word' id='word_1_50' title='bbox 1310 1299 1364 1346; x_wconf 90' lang='lat' dir='ltr'><strong>re·</strong></span> 
     </span>
     <span class='ocr_line' id='line_1_9' title="bbox 354 1383 1362 1476; baseline -0.002 -22"><span class='ocrx_word' id='word_1_51' title='bbox 354 1409 430 1455; x_wconf 89' lang='lat' dir='ltr'><strong>rum</strong></span> <span class='ocrx_word' id='word_1_52' title='bbox 446 1383 641 1468; x_wconf 82' lang='lat' dir='ltr'><strong>commixta,</strong></span> <span class='ocrx_word' id='word_1_53' title='bbox 661 1407 730 1455; x_wconf 90' lang='grc'><strong>666</strong></span> <span class='ocrx_word' id='word_1_54' title='bbox 752 1407 867 1454; x_wconf 89' lang='lat' dir='ltr'><strong>veram</strong></span> <span class='ocrx_word' id='word_1_55' title='bbox 891 1388 1150 1476; x_wconf 72' lang='lat' dir='ltr'><strong>Aristophanem</strong></span> <span class='ocrx_word' id='word_1_56' title='bbox 1167 1385 1362 1453; x_wconf 79' lang='grc'><strong>1611611661-</strong></span> 
     </span>
     <span class='ocr_line' id='line_1_10' title="bbox 353 1482 1365 1584; baseline -0.002 -24"><span class='ocrx_word' id='word_1_57' title='bbox 353 1495 468 1584; x_wconf 92' lang='lat' dir='ltr'><strong>primit</strong></span> <span class='ocrx_word' id='word_1_58' title='bbox 482 1494 679 1582; x_wconf 79' lang='lat' dir='ltr'><strong>imaginem.</strong></span> <span class='ocrx_word' id='word_1_59' title='bbox 697 1482 800 1582; x_wconf 83' lang='lat' dir='ltr'><strong>Cujus</strong></span> <span class='ocrx_word' id='word_1_60' title='bbox 814 1494 939 1562; x_wconf 89' lang='lat' dir='ltr'><strong>frustra</strong></span> <span class='ocrx_word' id='word_1_61' title='bbox 951 1495 997 1561; x_wconf 90' lang='lat' dir='ltr'><strong>ibi</strong></span> <span class='ocrx_word' id='word_1_62' title='bbox 1013 1494 1222 1562; x_wconf 86' lang='lat' dir='ltr'><strong>alacritatem</strong></span> <span class='ocrx_word' id='word_1_63' title='bbox 1238 1492 1365 1560; x_wconf 89' lang='grc'><strong>616611-</strong></span> 
     </span>
     <span class='ocr_line' id='line_1_11' title="bbox 286 1599 1364 1688; baseline -0.003 -22"><span class='ocrx_word' id='word_1_64' title='bbox 286 1607 289 1613; x_wconf 88' lang='grc'><strong>’</strong></span> <span class='ocrx_word' id='word_1_65' title='bbox 354 1605 422 1666; x_wconf 86' lang='lat' dir='ltr'><strong>tam</strong></span> <span class='ocrx_word' id='word_1_66' title='bbox 440 1600 474 1666; x_wconf 93' lang='grc'><strong>16</strong></span> <span class='ocrx_word' id='word_1_67' title='bbox 491 1599 653 1666; x_wconf 89' lang='grc'><strong>616611166</strong></span> <span class='ocrx_word' id='word_1_68' title='bbox 666 1600 769 1667; x_wconf 88' lang='lat' dir='ltr'><strong>rebus</strong></span> <span class='ocrx_word' id='word_1_69' title='bbox 791 1600 964 1668; x_wconf 90' lang='lat' dir='ltr'><strong>lasciviam</strong></span> <span class='ocrx_word' id='word_1_70' title='bbox 993 1602 1164 1688; x_wconf 59' lang='lat' dir='ltr'><strong>requiram</strong></span> <span class='ocrx_word' id='word_1_71' title='bbox 1198 1599 1364 1667; x_wconf 89' lang='lat' dir='ltr'><strong>comicam</strong></span> 
     </span>
     <span class='ocr_line' id='line_1_12' title="bbox 354 1703 1363 1794; baseline 0 -22"><span class='ocrx_word' id='word_1_72' title='bbox 354 1707 455 1773; x_wconf 88' lang='lat' dir='ltr'><strong>etiam</strong></span> <span class='ocrx_word' id='word_1_73' title='bbox 468 1703 662 1794; x_wconf 80' lang='lat' dir='ltr'><strong>facundiam</strong></span> <span class='ocrx_word' id='word_1_74' title='bbox 675 1711 709 1773; x_wconf 86' lang='grc'><strong>61</strong></span> <span class='ocrx_word' id='word_1_75' title='bbox 727 1705 923 1774; x_wconf 86' lang='lat' dir='ltr'><strong>felicitatem</strong></span> <span class='ocrx_word' id='word_1_76' title='bbox 940 1707 1081 1775; x_wconf 86' lang='lat' dir='ltr'><strong>uberem</strong></span> <span class='ocrx_word' id='word_1_77' title='bbox 1091 1707 1218 1794; x_wconf 82' lang='lat' dir='ltr'><strong>ingenii</strong></span> <span class='ocrx_word' id='word_1_78' title='bbox 1231 1703 1363 1772; x_wconf 89' lang='lat' dir='ltr'><strong>doside-</strong></span> 
     </span>
     <span class='ocr_line' id='line_1_13' title="bbox 353 1812 1366 1902; baseline -0.001 -23"><span class='ocrx_word' id='word_1_79' title='bbox 353 1813 455 1880; x_wconf 87' lang='lat' dir='ltr'><strong>rabis.</strong></span> <span class='ocrx_word' id='word_1_80' title='bbox 473 1812 537 1880; x_wconf 88' lang='lat' dir='ltr'><strong>Sed</strong></span> <span class='ocrx_word' id='word_1_81' title='bbox 551 1812 672 1881; x_wconf 88' lang='lat' dir='ltr'><strong>eadem</strong></span> <span class='ocrx_word' id='word_1_82' title='bbox 686 1813 948 1902; x_wconf 21' lang='lat' dir='ltr'><strong>aetas-adversis</strong></span> <span class='ocrx_word' id='word_1_83' title='bbox 966 1815 1092 1882; x_wconf 85' lang='lat' dir='ltr'><strong>civitati</strong></span> <span class='ocrx_word' id='word_1_84' title='bbox 1110 1812 1319 1880; x_wconf 84' lang='lat' dir='ltr'><strong>instantibus</strong></span> <span class='ocrx_word' id='word_1_85' title='bbox 1332 1816 1366 1879; x_wconf 90' lang='grc'><strong>61</strong></span> 
     </span>
     <span class='ocr_line' id='line_1_14' title="bbox 353 1919 1364 2006; baseline -0.003 -19"><span class='ocrx_word' id='word_1_86' title='bbox 353 1925 562 1987; x_wconf 87' lang='lat' dir='ltr'><strong>commutato</strong></span> <span class='ocrx_word' id='word_1_87' title='bbox 603 1940 681 1987; x_wconf 90' lang='lat' dir='ltr'><strong>oum</strong></span> <span class='ocrx_word' id='word_1_88' title='bbox 727 1921 905 1988; x_wconf 80' lang='lat' dir='ltr'><strong>comoediae</strong></span> <span class='ocrx_word' id='word_1_89' title='bbox 952 1919 1207 1988; x_wconf 84' lang='lat' dir='ltr'><strong>conditionibus</strong></span> <span class='ocrx_word' id='word_1_90' title='bbox 1252 1922 1364 2006; x_wconf 84' lang='lat' dir='ltr'><strong>poetae</strong></span> 
     </span>
     <span class='ocr_line' id='line_1_15' title="bbox 354 2025 1365 2117; baseline -0.001 -26"><span class='ocrx_word' id='word_1_91' title='bbox 354 2025 481 2104; x_wconf 81' lang='lat' dir='ltr'><strong>animo,</strong></span> <span class='ocrx_word' id='word_1_92' title='bbox 500 2026 664 2112; x_wconf 87' lang='lat' dir='ltr'><strong>plurimas</strong></span> <span class='ocrx_word' id='word_1_93' title='bbox 675 2026 807 2093; x_wconf 85' lang='lat' dir='ltr'><strong>fabulas</strong></span> <span class='ocrx_word' id='word_1_94' title='bbox 827 2027 916 2107; x_wconf 85' lang='lat' dir='ltr'><strong>tulit,</strong></span> <span class='ocrx_word' id='word_1_95' title='bbox 935 2048 954 2094; x_wconf 95' lang='lat' dir='ltr'><strong>a</strong></span> <span class='ocrx_word' id='word_1_96' title='bbox 975 2027 1144 2117; x_wconf 88' lang='lat' dir='ltr'><strong>prioribus</strong></span> <span class='ocrx_word' id='word_1_97' title='bbox 1161 2030 1365 2114; x_wconf 82' lang='lat' dir='ltr'><strong>argumento</strong></span> 
     </span>
     <span class='ocr_line' id='line_1_16' title="bbox 357 2130 1367 2223; baseline -0.002 -25"><span class='ocrx_word' id='word_1_98' title='bbox 357 2131 552 2210; x_wconf 87' lang='lat' dir='ltr'><strong>dissimiles,</strong></span> <span class='ocrx_word' id='word_1_99' title='bbox 581 2130 702 2199; x_wconf 89' lang='lat' dir='ltr'><strong>eodem</strong></span> <span class='ocrx_word' id='word_1_100' title='bbox 730 2152 811 2200; x_wconf 85' lang='lat' dir='ltr'><strong>vero</strong></span> <span class='ocrx_word' id='word_1_101' title='bbox 841 2134 1019 2201; x_wconf 88' lang='lat' dir='ltr'><strong>instinctas</strong></span> <span class='ocrx_word' id='word_1_102' title='bbox 1051 2134 1183 2223; x_wconf 85' lang='lat' dir='ltr'><strong>spiritu,</strong></span> <span class='ocrx_word' id='word_1_103' title='bbox 1222 2150 1367 2220; x_wconf 86' lang='lat' dir='ltr'><strong>quarum</strong></span> 
     </span>
     <span class='ocr_line' id='line_1_17' title="bbox 354 2239 1367 2328; baseline -0.002 -24"><span class='ocrx_word' id='word_1_104' title='bbox 354 2239 545 2326; x_wconf 85' lang='lat' dir='ltr'><strong>fragmenta</strong></span> <span class='ocrx_word' id='word_1_105' title='bbox 571 2243 705 2307; x_wconf 86' lang='lat' dir='ltr'><strong>tantum</strong></span> <span class='ocrx_word' id='word_1_106' title='bbox 728 2247 914 2328; x_wconf 83' lang='lat' dir='ltr'><strong>supersunt</strong></span> <span class='ocrx_word' id='word_1_107' title='bbox 943 2265 949 2307; x_wconf 92' lang='lat'>:</span> <span class='ocrx_word' id='word_1_108' title='bbox 982 2241 1071 2308; x_wconf 90' lang='lat' dir='ltr'><strong>inter</strong></span> <span class='ocrx_word' id='word_1_109' title='bbox 1111 2259 1197 2327; x_wconf 89' lang='lat' dir='ltr'><strong>quas</strong></span> <span class='ocrx_word' id='word_1_110' title='bbox 1230 2241 1367 2320; x_wconf 68' lang='grc'><strong>661616-</strong></span> 
     </span>
     <span class='ocr_line' id='line_1_18' title="bbox 358 2343 1369 2436; baseline 0 -26"><span class='ocrx_word' id='word_1_111' title='bbox 358 2351 413 2411; x_wconf 74' lang='grc'><strong>1166</strong></span> <span class='ocrx_word' id='word_1_112' title='bbox 433 2349 456 2424; x_wconf 82' lang='lat'><strong>1,</strong></span> <span class='ocrx_word' id='word_1_113' title='bbox 475 2345 509 2411; x_wconf 91' lang='lat' dir='ltr'><strong>in</strong></span> <span class='ocrx_word' id='word_1_114' title='bbox 524 2343 721 2412; x_wconf 83' lang='lat' dir='ltr'><strong>deridendis</strong></span> <span class='ocrx_word' id='word_1_115' title='bbox 746 2347 933 2434; x_wconf 79' lang='lat' dir='ltr'><strong>aequalibus</strong></span> <span class='ocrx_word' id='word_1_116' title='bbox 963 2347 1072 2436; x_wconf 85' lang='lat' dir='ltr'><strong>poetis</strong></span> <span class='ocrx_word' id='word_1_117' title='bbox 1093 2350 1281 2424; x_wconf 76' lang='grc'><strong>1161666166,</strong></span> <span class='ocrx_word' id='word_1_118' title='bbox 1301 2363 1369 2410; x_wconf 87' lang='grc'><strong>616-</strong></span> 
     </span>
     <span class='ocr_line' id='line_1_19' title="bbox 358 2451 1370 2541; baseline -0.002 -23"><span class='ocrx_word' id='word_1_119' title='bbox 358 2473 435 2518; x_wconf 88' lang='lat' dir='ltr'><strong>rum</strong></span> <span class='ocrx_word' id='word_1_120' title='bbox 450 2452 571 2519; x_wconf 87' lang='lat' dir='ltr'><strong>comici</strong></span> <span class='ocrx_word' id='word_1_121' title='bbox 591 2453 626 2518; x_wconf 95' lang='lat' dir='ltr'><strong>in</strong></span> <span class='ocrx_word' id='word_1_122' title='bbox 651 2452 818 2541; x_wconf 85' lang='lat' dir='ltr'><strong>religiosis</strong></span> <span class='ocrx_word' id='word_1_123' title='bbox 841 2453 992 2541; x_wconf 83' lang='lat' dir='ltr'><strong>ludentis</strong></span> <span class='ocrx_word' id='word_1_124' title='bbox 1018 2459 1051 2522; x_wconf 89' lang='lat' dir='ltr'><strong>et</strong></span> <span class='ocrx_word' id='word_1_125' title='bbox 1082 2452 1124 2520; x_wconf 88' lang='lat' dir='ltr'><strong>de</strong></span> <span class='ocrx_word' id='word_1_126' title='bbox 1153 2451 1370 2541; x_wconf 87' lang='lat' dir='ltr'><strong>philosophia</strong></span> 
     </span>
     <span class='ocr_line' id='line_1_20' title="bbox 359 2556 1369 2648; baseline -0.002 -24"><span class='ocrx_word' id='word_1_127' title='bbox 359 2558 548 2625; x_wconf 86' lang='lat' dir='ltr'><strong>cavillantis</strong></span> <span class='ocrx_word' id='word_1_128' title='bbox 563 2557 799 2626; x_wconf 87' lang='lat' dir='ltr'><strong>testimonium</strong></span> <span class='ocrx_word' id='word_1_129' title='bbox 825 2560 1107 2648; x_wconf 88' lang='lat' dir='ltr'><strong>suppeditabunt.</strong></span> <span class='ocrx_word' id='word_1_130' title='bbox 1131 2561 1178 2624; x_wconf 84' lang='grc'><strong>1111</strong></span> <span class='ocrx_word' id='word_1_131' title='bbox 1194 2556 1248 2626; x_wconf 90' lang='lat' dir='ltr'><strong>his</strong></span> <span class='ocrx_word' id='word_1_132' title='bbox 1277 2557 1369 2624; x_wconf 91' lang='lat' dir='ltr'><strong>enim</strong></span> 
     </span>
     <span class='ocr_line' id='line_1_21' title="bbox 360 2661 1368 2752; baseline 0 -22"><span class='ocrx_word' id='word_1_133' title='bbox 360 2684 430 2731; x_wconf 92' lang='lat' dir='ltr'><strong>non</strong></span> <span class='ocrx_word' id='word_1_134' title='bbox 445 2663 718 2732; x_wconf 87' lang='lat' dir='ltr'><strong>contemnendus</strong></span> <span class='ocrx_word' id='word_1_135' title='bbox 738 2671 894 2733; x_wconf 88' lang='lat' dir='ltr'><strong>servatus</strong></span> <span class='ocrx_word' id='word_1_136' title='bbox 911 2666 1087 2746; x_wconf 85' lang='grc'><strong>66116666,</strong></span> <span class='ocrx_word' id='word_1_137' title='bbox 1109 2685 1178 2752; x_wconf 87' lang='lat' dir='ltr'><strong>quo</strong></span> <span class='ocrx_word' id='word_1_138' title='bbox 1196 2669 1304 2752; x_wconf 84' lang='lat' dir='ltr'><strong>poetae</strong></span> <span class='ocrx_word' id='word_1_139' title='bbox 1325 2661 1368 2730; x_wconf 85' lang='lat' dir='ltr'><strong>do</strong></span> 
     </span>
     <span class='ocr_line' id='line_1_22' title="bbox 358 2769 1370 2862; baseline -0.001 -26"><span class='ocrx_word' id='word_1_140' title='bbox 358 2769 475 2838; x_wconf 90' lang='grc'><strong>1616116</strong></span> <span class='ocrx_word' id='word_1_141' title='bbox 491 2773 620 2838; x_wconf 87' lang='lat' dir='ltr'><strong>temero</strong></span> <span class='ocrx_word' id='word_1_142' title='bbox 633 2772 844 2840; x_wconf 88' lang='lat' dir='ltr'><strong>somniantes</strong></span> <span class='ocrx_word' id='word_1_143' title='bbox 870 2774 1160 2862; x_wconf 82' lang='lat' dir='ltr'><strong>perstringuntur,</strong></span> <span class='ocrx_word' id='word_1_144' title='bbox 1187 2777 1221 2839; x_wconf 89' lang='lat' dir='ltr'><strong>et</strong></span> <span class='ocrx_word' id='word_1_145' title='bbox 1249 2769 1370 2838; x_wconf 86' lang='lat' dir='ltr'><strong>eadem</strong></span> 
     </span>
     <span class='ocr_line' id='line_1_23' title="bbox 360 2874 1371 2968; baseline -0.002 -25"><span class='ocrx_word' id='word_1_146' title='bbox 360 2877 518 2946; x_wconf 88' lang='lat' dir='ltr'><strong>irrisione</strong></span> <span class='ocrx_word' id='word_1_147' title='bbox 538 2885 606 2945; x_wconf 92' lang='lat' dir='ltr'><strong>tres</strong></span> <span class='ocrx_word' id='word_1_148' title='bbox 622 2880 879 2968; x_wconf 84' lang='lat' dir='ltr'><strong>conjunguntur</strong></span> <span class='ocrx_word' id='word_1_149' title='bbox 895 2881 969 2958; x_wconf 90' lang='lat' dir='ltr'><strong>viri,</strong></span> <span class='ocrx_word' id='word_1_150' title='bbox 989 2878 1223 2947; x_wconf 86' lang='lat' dir='ltr'><strong>mediocritate</strong></span> <span class='ocrx_word' id='word_1_151' title='bbox 1242 2874 1371 2964; x_wconf 85' lang='lat' dir='ltr'><strong>ingenii</strong></span> 
     </span>
     <span class='ocr_line' id='line_1_24' title="bbox 359 2983 1372 3080; baseline -0.002 -30"><span class='ocrx_word' id='word_1_152' title='bbox 359 2983 501 3063; x_wconf 85' lang='lat' dir='ltr'><strong>similes,</strong></span> <span class='ocrx_word' id='word_1_153' title='bbox 524 2985 688 3073; x_wconf 82' lang='lat' dir='ltr'><strong>religiono</strong></span> <span class='ocrx_word' id='word_1_154' title='bbox 703 2986 844 3053; x_wconf 87' lang='lat' dir='ltr'><strong>omnino</strong></span> <span class='ocrx_word' id='word_1_155' title='bbox 862 2985 988 3080; x_wconf 81' lang='lat' dir='ltr'><strong>diversi</strong></span> <span class='ocrx_word' id='word_1_156' title='bbox 1017 3010 1023 3050; x_wconf 93' lang='lat'>:</span> <span class='ocrx_word' id='word_1_157' title='bbox 1053 2985 1219 3071; x_wconf 80' lang='lat' dir='ltr'><strong>Sannyrio</strong></span> <span class='ocrx_word' id='word_1_158' title='bbox 1247 3001 1372 3070; x_wconf 83' lang='lat' dir='ltr'><strong>nempe</strong></span> 
     </span>
     <span class='ocr_line' id='line_1_25' title="bbox 360 3089 1370 3181; baseline -0.004 -23"><span class='ocrx_word' id='word_1_159' title='bbox 360 3092 510 3160; x_wconf 90' lang='lat' dir='ltr'><strong>comicus</strong></span> <span class='ocrx_word' id='word_1_160' title='bbox 530 3093 586 3180; x_wconf 87' lang='lat' dir='ltr'><strong>qui</strong></span> <span class='ocrx_word' id='word_1_161' title='bbox 603 3098 711 3160; x_wconf 87' lang='lat' dir='ltr'><strong>artem</strong></span> <span class='ocrx_word' id='word_1_162' title='bbox 729 3111 826 3159; x_wconf 90' lang='lat' dir='ltr'><strong>suam</strong></span> <span class='ocrx_word' id='word_1_163' title='bbox 837 3093 1046 3181; x_wconf 70' lang='lat' dir='ltr'><strong>auspicatus</strong></span> <span class='ocrx_word' id='word_1_164' title='bbox 1065 3091 1214 3158; x_wconf 89' lang='lat' dir='ltr'><strong>muttum</strong></span> <span class='ocrx_word' id='word_1_165' title='bbox 1229 3089 1370 3176; x_wconf 80' lang='lat' dir='ltr'><strong>mytho-</strong></span> 
     </span>
     <span class='ocr_line' id='line_1_26' title="bbox 362 3197 1371 3287; baseline -0.001 -23"><span class='ocrx_word' id='word_1_166' title='bbox 362 3199 481 3287; x_wconf 80' lang='lat' dir='ltr'><strong>logicae</strong></span> <span class='ocrx_word' id='word_1_167' title='bbox 495 3198 684 3278; x_wconf 84' lang='lat' dir='ltr'><strong>comoediae,</strong></span> <span class='ocrx_word' id='word_1_168' title='bbox 701 3199 890 3286; x_wconf 85' lang='lat' dir='ltr'><strong>Epicharmi</strong></span> <span class='ocrx_word' id='word_1_169' title='bbox 902 3198 942 3265; x_wconf 86' lang='lat' dir='ltr'><strong>ad</strong></span> <span class='ocrx_word' id='word_1_170' title='bbox 957 3199 1166 3287; x_wconf 85' lang='lat' dir='ltr'><strong>exemplum,</strong></span> <span class='ocrx_word' id='word_1_171' title='bbox 1181 3197 1321 3266; x_wconf 86' lang='lat' dir='ltr'><strong>dederat</strong></span> <span class='ocrx_word' id='word_1_172' title='bbox 1339 3201 1371 3274; x_wconf 71' lang='grc'><strong>1;</strong></span> 
     </span>
     <span class='ocr_line' id='line_1_27' title="bbox 361 3305 1372 3395; baseline -0.002 -23"><span class='ocrx_word' id='word_1_173' title='bbox 361 3305 508 3372; x_wconf 84' lang='lat' dir='ltr'><strong>Cinesias</strong></span> <span class='ocrx_word' id='word_1_174' title='bbox 525 3305 809 3392; x_wconf 75' lang='lat' dir='ltr'><strong>dithyrambious</strong></span> <span class='ocrx_word' id='word_1_175' title='bbox 833 3326 956 3395; x_wconf 82' lang='lat' dir='ltr'><strong>saepea</strong></span> <span class='ocrx_word' id='word_1_176' title='bbox 976 3313 1093 3373; x_wconf 92' lang='lat' dir='ltr'><strong>nostro</strong></span> <span class='ocrx_word' id='word_1_177' title='bbox 1110 3305 1252 3392; x_wconf 85' lang='lat' dir='ltr'><strong>aliisque</strong></span> <span class='ocrx_word' id='word_1_178' title='bbox 1264 3305 1372 3372; x_wconf 88' lang='lat' dir='ltr'><strong>laces·</strong></span> 
     </span>
     <span class='ocr_line' id='line_1_28' title="bbox 360 3410 1371 3502; baseline 0 -25"><span class='ocrx_word' id='word_1_179' title='bbox 360 3410 445 3477; x_wconf 88' lang='lat' dir='ltr'><strong>situs</strong></span> <span class='ocrx_word' id='word_1_180' title='bbox 463 3415 488 3490; x_wconf 85' lang='lat'><strong>³,</strong></span> <span class='ocrx_word' id='word_1_181' title='bbox 512 3417 584 3478; x_wconf 90' lang='grc'><strong>1661</strong></span> <span class='ocrx_word' id='word_1_182' title='bbox 602 3418 738 3501; x_wconf 85' lang='lat' dir='ltr'><strong>proptor</strong></span> <span class='ocrx_word' id='word_1_183' title='bbox 755 3414 905 3480; x_wconf 88' lang='lat' dir='ltr'><strong>carmina</strong></span> <span class='ocrx_word' id='word_1_184' title='bbox 930 3435 1037 3502; x_wconf 89' lang='lat' dir='ltr'><strong>quum</strong></span> <span class='ocrx_word' id='word_1_185' title='bbox 1057 3413 1242 3502; x_wconf 88' lang='lat' dir='ltr'><strong>impietatis</strong></span> <span class='ocrx_word' id='word_1_186' title='bbox 1257 3430 1371 3492; x_wconf 86' lang='lat' dir='ltr'><strong>causa,</strong></span> 
     </span>
     <span class='ocr_line' id='line_1_29' title="bbox 361 3514 1374 3607; baseline 0.002 -25"><span class='ocrx_word' id='word_1_187' title='bbox 361 3517 418 3603; x_wconf 84' lang='lat' dir='ltr'><strong>qui</strong></span> <span class='ocrx_word' id='word_1_188' title='bbox 434 3517 609 3585; x_wconf 87' lang='lat' dir='ltr'><strong>Socraticae</strong></span> <span class='ocrx_word' id='word_1_189' title='bbox 624 3514 785 3607; x_wconf 49' lang='lat' dir='ltr'><strong>religioni,</strong></span> <span class='ocrx_word' id='word_1_190' title='bbox 797 3518 932 3587; x_wconf 86' lang='lat' dir='ltr'><strong>videtur</strong></span> <span class='ocrx_word' id='word_1_191' title='bbox 950 3520 1057 3588; x_wconf 88' lang='lat' dir='ltr'><strong>fuisse</strong></span> <span class='ocrx_word' id='word_1_192' title='bbox 1078 3518 1255 3598; x_wconf 88' lang='lat' dir='ltr'><strong>addictus;</strong></span> <span class='ocrx_word' id='word_1_193' title='bbox 1279 3517 1374 3584; x_wconf 89' lang='lat' dir='ltr'><strong>Meli·</strong></span> 
     </span>
    </p>
   </div>
   <div class='ocr_carea' id='block_1_3' title="bbox 266 3622 1487 3722">
    <p class='ocr_par' dir='ltr' id='par_1_4' title="bbox 266 3622 1487 3722">
     <span class='ocr_line' id='line_1_30' title="bbox 266 3622 1487 3722; baseline 0.004 -34"><span class='ocrx_word' id='word_1_194' title='bbox 266 3713 270 3722; x_wconf 29' lang='lat'><strong>·</strong></span> <span class='ocrx_word' id='word_1_195' title='bbox 361 3629 418 3689; x_wconf 87' lang='lat' dir='ltr'><strong>tus</strong></span> <span class='ocrx_word' id='word_1_196' title='bbox 434 3622 592 3711; x_wconf 87' lang='lat' dir='ltr'><strong>denique,</strong></span> <span class='ocrx_word' id='word_1_197' title='bbox 618 3625 792 3714; x_wconf 84' lang='lat' dir='ltr'><strong>tragoediis</strong></span> <span class='ocrx_word' id='word_1_198' title='bbox 811 3626 882 3694; x_wconf 89' lang='grc'><strong>1616</strong></span> <span class='ocrx_word' id='word_1_199' title='bbox 907 3627 1059 3716; x_wconf 81' lang='lat' dir='ltr'><strong>ignotus,</strong></span> <span class='ocrx_word' id='word_1_200' title='bbox 1076 3627 1222 3694; x_wconf 83' lang='lat' dir='ltr'><strong>Socratis</strong></span> <span class='ocrx_word' id='word_1_201' title='bbox 1246 3624 1374 3714; x_wconf 86' lang='lat' dir='ltr'><strong>judicio</strong></span> <span class='ocrx_word' id='word_1_202' title='bbox 1482 3691 1487 3701; x_wconf 87' lang='grc'><strong>,</strong></span> 
     </span>
    </p>
   </div>
   <div class='ocr_carea' id='block_1_4' title="bbox 362 3727 1377 3821">
    <p class='ocr_par' dir='ltr' id='par_1_5' title="bbox 362 3727 1377 3821">
     <span class='ocr_line' id='line_1_31' title="bbox 362 3727 1377 3821; baseline 0.003 -26"><span class='ocrx_word' id='word_1_203' title='bbox 362 3727 615 3798; x_wconf 83' lang='grc'><strong>66161161111666.</strong></span> <span class='ocrx_word' id='word_1_204' title='bbox 634 3732 675 3798; x_wconf 92' lang='grc' dir='ltr'><strong>Η1</strong></span> <span class='ocrx_word' id='word_1_205' title='bbox 700 3752 833 3812; x_wconf 86' lang='lat' dir='ltr'><strong>omnes,</strong></span> <span class='ocrx_word' id='word_1_206' title='bbox 863 3753 923 3821; x_wconf 92' lang='lat' dir='ltr'><strong>pro</strong></span> <span class='ocrx_word' id='word_1_207' title='bbox 940 3754 1002 3800; x_wconf 91' lang='lat' dir='ltr'><strong>suo</strong></span> <span class='ocrx_word' id='word_1_208' title='bbox 1027 3733 1165 3821; x_wconf 80' lang='lat' dir='ltr'><strong>ingenio</strong></span> <span class='ocrx_word' id='word_1_209' title='bbox 1180 3737 1280 3820; x_wconf 86' lang='lat' dir='ltr'><strong>atque</strong></span> <span class='ocrx_word' id='word_1_210' title='bbox 1297 3750 1377 3819; x_wconf 88' lang='lat' dir='ltr'><strong>ope-</strong></span> 
     </span>
    </p>
   </div>
   <div class='ocr_carea' id='block_1_5' title="bbox 390 3944 1109 4086">
    <p class='ocr_par' dir='ltr' id='par_1_6' title="bbox 390 3944 1109 4086">
     <span class='ocr_line' id='line_1_32' title="bbox 390 3944 1109 4008; baseline 0.001 -17"><span class='ocrx_word' id='word_1_211' title='bbox 390 3944 399 3978; x_wconf 90' lang='lat'>¹</span> <span class='ocrx_word' id='word_1_212' title='bbox 418 3947 562 4002; x_wconf 72' lang='grc'><strong>1661616,</strong></span> <span class='ocrx_word' id='word_1_213' title='bbox 578 3946 719 4004; x_wconf 69' lang='grc'><strong>1166916661.</strong></span> <span class='ocrx_word' id='word_1_214' title='bbox 734 3946 799 4004; x_wconf 75' lang='lat' dir='ltr'><strong>(edit.</strong></span> <span class='ocrx_word' id='word_1_215' title='bbox 818 3945 907 4008; x_wconf 75' lang='grc'><strong>1111161),</strong></span> <span class='ocrx_word' id='word_1_216' title='bbox 923 3946 1006 4006; x_wconf 80' lang='lat' dir='ltr'><strong>p.473</strong></span> <span class='ocrx_word' id='word_1_217' title='bbox 1021 3949 1109 4004; x_wconf 82' lang='lat' dir='ltr'><strong>etseq.</strong></span> 
     </span>
     <span class='ocr_line' id='line_1_33' title="bbox 390 4022 1026 4086; baseline 0.002 -14"><span class='ocrx_word' id='word_1_218' title='bbox 390 4022 402 4057; x_wconf 76' lang='lat'>²</span> <span class='ocrx_word' id='word_1_219' title='bbox 419 4025 452 4072; x_wconf 87' lang='lat' dir='ltr'><strong>De</strong></span> <span class='ocrx_word' id='word_1_220' title='bbox 468 4025 623 4086; x_wconf 75' lang='lat' dir='ltr'><strong>Sannyrions</strong></span> <span class='ocrx_word' id='word_1_221' title='bbox 635 4025 687 4073; x_wconf 89' lang='lat' dir='ltr'><strong>vid.</strong></span> <span class='ocrx_word' id='word_1_222' title='bbox 701 4027 776 4084; x_wconf 81' lang='grc'><strong>11666,</strong></span> <span class='ocrx_word' id='word_1_223' title='bbox 793 4040 833 4086; x_wconf 92' lang='lat' dir='ltr'><strong>op.</strong></span> <span class='ocrx_word' id='word_1_224' title='bbox 850 4027 901 4082; x_wconf 85' lang='grc'><strong>611,</strong></span> <span class='ocrx_word' id='word_1_225' title='bbox 918 4027 1026 4083; x_wconf 82' lang='lat'><strong>111‚³87.</strong></span> 
     </span>
    </p>
   </div>
   <div class='ocr_carea' id='block_1_6' title="bbox 362 4101 1376 4236">
    <p class='ocr_par' dir='ltr' id='par_1_7' title="bbox 362 4101 1376 4236">
     <span class='ocr_line' id='line_1_34' title="bbox 392 4101 1376 4170; baseline 0 -19"><span class='ocrx_word' id='word_1_226' title='bbox 392 4101 455 4152; x_wconf 67' lang='grc'><strong>301.</strong></span> <span class='ocrx_word' id='word_1_227' title='bbox 468 4105 566 4164; x_wconf 74' lang='grc'><strong>116116,</strong></span> <span class='ocrx_word' id='word_1_228' title='bbox 586 4107 696 4168; x_wconf 69' lang='grc'><strong>1116916,</strong></span> <span class='ocrx_word' id='word_1_229' title='bbox 718 4109 756 4154; x_wconf 88' lang='grc'><strong>31.</strong></span> <span class='ocrx_word' id='word_1_230' title='bbox 778 4107 824 4163; x_wconf 82' lang='grc'><strong>061</strong></span> <span class='ocrx_word' id='word_1_231' title='bbox 849 4106 922 4155; x_wconf 90' lang='lat' dir='ltr'><strong>illum</strong></span> <span class='ocrx_word' id='word_1_232' title='bbox 944 4104 1110 4156; x_wconf 76' lang='grc' dir='ltr'><strong>ἀσεὸέστατον</strong></span> <span class='ocrx_word' id='word_1_233' title='bbox 1128 4106 1151 4154; x_wconf 84' lang='grc'><strong>61</strong></span> <span class='ocrx_word' id='word_1_234' title='bbox 1169 4101 1376 4170; x_wconf 78' lang='grc' dir='ltr'>παρανομώτατον</span> 
     </span>
     <span class='ocr_line' id='line_1_35' title="bbox 362 4187 441 4236; baseline 0.063 -4"><span class='ocrx_word' id='word_1_235' title='bbox 362 4187 441 4236; x_wconf 83' lang='lat' dir='ltr'><strong>vocat.</strong></span> 
     </span>
    </p>
   </div>
   <div class='ocr_carea' id='block_1_7' title="bbox 0 0 1594 5082">
    <p class='ocr_par' dir='ltr' id='par_1_8' title="bbox 0 0 1594 5082">
     <span class='ocr_line' id='line_1_36' title="bbox 0 0 1594 5082; baseline 0 0"><span class='ocrx_word' id='word_1_236' title='bbox 0 0 1594 5082; x_wconf 95' lang='lat' dir='ltr'><strong> </strong></span> 
     </span>
    </p>
   </div>
  </div>
 </body>
</html>
