3114 5088
821 513 963 568 ..3ss-

386 641 523 731 tingunt
536 639 735 728 imaginem,
752 643 787 707 et
801 639 876 706 sino
892 637 961 704 ulla
974 638 1196 708 veneratione
1215 637 1403 708 circulato-

385 749 451 816 rias
466 747 541 816 illas
554 745 769 815 carimonias
782 745 1031 835 perstringunt.

428 853 528 932 tluod
553 852 645 922 idem
671 853 706 920 in
736 851 851 918 locum
876 851 974 917 illum
991 855 1115 918 Pocts¹
1138 852 1315 932 convenit,
1342 852 1403 920 uhi

383 962 547 1050 Trygaeus
563 959 616 1028 cui
637 964 786 1026 mortem
803 959 953 1026 minatus
978 964 1030 1025 est
1055 959 1253 1038 Mercurius,
1275 971 1301 1033 tr
1314 974 1404 1048 χαρε-

382 1077 474 1139 διον...
496 1087 567 1158 τρεῖς
581 1076 709 1156 δραχμὰς
722 1064 765 1132 ab
777 1065 836 1132 1110
854 1065 929 1132 Vult
940 1065 1089 1132 mutuari
1108 1088 1114 1130 :

600 1269 645 1319 Ari
658 1263 710 1338 γὰρ
725 1262 858 1338 μυηθῆναί
871 1279 902 1338 pr
916 1259 979 1338 uplu
994 1261 1152 1320 τιθνηκὲναι.

424 1481 594 1550 Eleusinis
618 1481 712 1553 enim
742 1481 801 1568 qui
827 1479 1051 1547 initiabantur
1077 1480 1263 1568 mysteriis,
1296 1501 1396 1570 spem

378 1589 460 1657 inde
483 1608 520 1656 se
539 1588 627 1657 bane
651 1586 820 1655 moriendi
840 1585 1084 1675 percipiebant,
1102 1587 1263 1675 porcique
1283 1587 1319 1654 in
1341 1588 1395 1654 bis

377 1696 482 1764 sacris
506 1695 686 1764 immolare
712 1714 789 1762 mos
809 1699 892 1762 erat.
920 1691 1019 1760 Haud
1039 1713 1139 1762 secus
1160 1695 1394 1762 Samothracia

377 1803 552 1891 mysteria,
579 1822 656 1891 quae
670 1801 705 1868 in
726 1798 886 1888 periculis
908 1799 1118 1887 quotidianis
1142 1801 1393 1889 pollicebantur

376 1907 571 1977 subsidium
590 1908 752 1996 Trygaeus
765 1913 1023 1986 commemorat,
1041 1906 1209 1976 adversus
1222 1909 1391 1996 pistillum

375 2012 485 2094 illum,
503 2013 648 2081 alterum
662 2013 822 2080 Cleonem
833 2012 974 2093 scilicet,
987 2034 1055 2102 quo
1072 2025 1202 2104 κυδοιμὸς
1216 2023 1249 2082 et
1261 2028 1389 2105 ntbpuf,

375 2119 517 2188 ridicula
533 2120 687 2198 numina,
706 2105 860 2188 civitates
876 2139 1003 2207 graecas
1018 2122 1053 2188 in
1068 2122 1211 2190 immani
1228 2122 1389 2192 mortario

373 2233 550 2296 conterere
570 2225 703 2306 volunt,
718 2225 861 2294 deorum
881 2224 1019 2294 illorum
1030 2227 1195 2296 inuocans
1206 2229 1349 2298 tutelam
1360 2233 1386 2296 2.

351 2339 353 2346 '
417 2334 538 2403 Haecsi
559 2335 637 2424 quis
661 2333 808 2400 nimium
831 2332 913 2401 uelit
938 2353 1060 2422 urgere
1084 2341 1187 2423 atquo
1210 2335 1292 2405 inde
1320 2337 1388 2428 im-

372 2441 1388 2531 pietatisargumentauolligere,veroorneaeqnumexcedat

372 2547 527 2616 modum.
556 2549 644 2626 Quin
664 2548 733 2616 imo
755 2552 941 2628 tpstsrrarae
965 2555 998 2615 et
1029 2552 1385 2634 l‘tesroopburtoacso-

369 2677 450 2722 rum
473 2655 656 2744 spurcitiae,
683 2653 846 2742 piissimis
870 2655 1073 2724 consociatae
1099 2656 1321 2737 carminibus
1352 2664 1386 2726 et

371 2763 405 2828 in
430 2762 510 2830 fano
534 2762 695 2830 Minerua
718 2761 917 2848 Cererisque
941 2759 1058 2831 divino
1081 2764 1267 2852 patrocinio
1290 2784 1384 2832 com-

347 2869 560 2950 mendatae,
596 2868 661 2937 etsi
689 2868 766 2959 jure
799 2874 976 2957 stuporem
1010 2876 1170 2950 movent,
1209 2869 1385 2959 probabile

369 2976 509 3044 nullam·
525 2975 567 3045 da
583 2975 747 3066 religione
768 2975 1006 3064 Aristophanis
1031 2982 1089 3043 aut
1104 2977 1278 3066 impietate
1293 2977 1383 3044 indi·

368 3083 459 3152 cium
477 3085 643 3175 praebent.
660 3084 832 3174 Dignitate
847 3084 940 3152 enim
963 3083 1110 3172 quadam
1135 3093 1283 3173 puppem,
1302 3105 1383 3172 quo-

368 3191 580 3280 tiescumque
595 3191 638 3258 ad
649 3193 766 3280 jocum
780 3189 878 3257 illum
894 3199 994 3278 poeta
1007 3191 1172 3279 confugit,
1186 3189 1383 3258 admonitos

368 3297 476 3365 voluit
495 3304 724 3388 spectatores,
735 3315 779 3364 ne
796 3298 899 3364 sacris
922 3297 1109 3386 gentilibus
1134 3296 1378 3377 adscriberent,

366 3423 442 3492 quae
462 3403 698 3472 delectationis
725 3423 827 3472 causa
850 3404 1035 3494 cogebatur
1062 3404 1319 3494 quodammodo
1345 3405 1380 3472 in

365 3509 517 3578 fabulam
532 3511 718 3600 suscipere.

409 3618 442 3686 Si
467 3625 583 3687 tamen
601 3639 673 3686 non
694 3617 907 3687 voluntatem
933 3618 1092 3697 auctoris
1115 3617 1177 3686 sed
1191 3619 1379 3688 Athenien-

365 3725 455 3794 sium
475 3726 608 3793 animos
630 3725 731 3792 altius
750 3726 990 3814 perspicimus,
1020 3732 1053 3794 et
1076 3725 1119 3794 de
1145 3726 1293 3793 colluvie
1321 3727 1380 3793 illa

364 3854 500 3922 aequum
534 3832 678 3901 ferimus
707 3833 888 3924 judicium,
925 3834 1041 3902 licebit
1073 3834 1189 3904 forsan
1220 3833 1378 3905 dubitare

394 4100 403 4136 ¹
423 4104 494 4160 Pae,
512 4104 552 4150 371
572 4105 594 4150 el
608 4116 659 4161 seq.

392 4183 403 4218 ²
420 4184 492 4240 ibid,
509 4187 563 4231 276.
575 4183 609 4231 Cs.
625 4182 868 4244 bosnamrlploopla„
885 4188 952 4233 1219.
