3156 5082
800 517 943 574 44-

359 649 413 714 tes
432 643 510 714 illos
525 645 583 733 qui
599 644 633 712 in
648 663 750 714 scena
771 644 888 732 patriis
904 641 969 710 diis
984 642 1179 732 supplicant
1194 649 1228 711 et
1250 641 1383 712 Aristo-

357 752 511 841 phanem
527 752 697 840 equestris
721 749 851 818 ordinis
875 748 1090 816 laudatorem
1106 749 1253 820 libenter
1273 750 1384 818 credi—

356 880 446 927 mus.
460 859 625 926 Pietatem
636 878 734 925 suam
748 863 926 924 nutantem
937 855 992 923 vel
1011 856 1124 944 potius
1140 876 1296 925 eversam
1311 859 1382 925 rei-

355 966 500 1056 publicae
515 983 595 1034 cura
608 964 728 1032 luloire
742 970 776 1031 et
789 965 970 1032 restituere
983 963 1093 1030 conati
1103 969 1193 1030 'suat
1202 987 1210 1044 ;
1223 967 1381 1053 propriae·

356 1072 746 1163 queambitioniscansa
773 1071 965 1160 pepercisse
992 1071 1101 1160 magis
1123 1091 1225 1160 qoam
1253 1071 1380 1140 favisse

357 1181 422 1248 diis
435 1179 553 1269 patriis
572 1178 742 1246 uidentur.
759 1179 890 1246 Horum
919 1183 1030 1268 partes
1048 1183 1204 1246 secutum
1221 1177 1328 1247 fuisse
1342 1178 1377 1245 in

355 1288 511 1357 civilibus
536 1287 638 1354 rebus
661 1291 695 1354 et
711 1280 824 1353 studia
845 1306 904 1374 per
932 1285 1038 1353 totius
1061 1285 1139 1352 vitae
1167 1286 1377 1353 curriculum

357 1395 551 1485 professum
570 1393 837 1483 Aristophanem
850 1397 983 1460 constat
995 1391 1071 1473 ;sed
1086 1394 1294 1481 qniamlmxa
1305 1414 1375 1461 non

353 1503 404 1570 las
419 1509 491 1572 erat
505 1523 523 1568 a
538 1502 644 1590 patria
659 1501 824 1589 religione
844 1498 972 1577 divelli,
993 1499 1145 1566 comicus
1175 1498 1211 1565 in
1235 1499 1371 1568 theatro

355 1611 443 1678 sicut
463 1609 643 1698 equitesin
661 1608 836 1684 concione,
863 1604 984 1672 mediae
1009 1605 1145 1673 cuidam
1172 1626 1209 1672 se
1239 1605 1372 1673 addixit

354 1715 507 1807 opinioni
521 1717 555 1782 in
572 1714 710 1793 divinis,
728 1733 805 1801 qnae
819 1713 933 1780 locum
950 1711 1045 1780 daret
1057 1711 1339 1799 amplissimuml
1361 1753 1373 1763 -

354 1823 512 1892 hularnm
529 1823 743 1911 malignitati,
766 1810 835 1888 non
851 1820 933 1887 deos
957 1827 1069 1886 tamen
1088 1838 1277 1906 eorumque
1297 1819 1373 1886 cul-

347 1942 428 2000 ·tum
454 1951 474 1997 a
499 1931 651 2020 patribus
677 1928 840 1996 traditum
869 1926 1091 1994 sustinnisset
1111 1945 1129 1992 e
1151 1926 1287 1994 civitate
1302 1926 1372 1992 tol-

354 2039 435 2105 lere.

399 2143 744 2212 Germanicusauctor
764 2139 844 2230 *qui
855 2139 1021 2208 adversus
1036 2141 1258 2246 Boeffib'Qffl
1275 2143 1369 2208 Aris-

355 2251 516 2339 tophanis
538 2251 749 2340 impietatem
777 2248 908 2316 diluere
936 2256 1079 2316 conatus
1100 2255 1163 2328 est,
1186 2270 1305 2338 parom
1337 2251 1371 2315 in

352 2359 473 2426 ceteris
491 2355 688 2447 probabilis,
712 2355 796 2424 illud
815 2364 927 2423 tamon
945 2377 1052 2421 unum
1073 2357 1200 2444 optime
1229 2355 1312 2423 vidit
1338 2364 1372 2424 et

353 2465 643 2533 commentatione
660 2485 721 2532 sna
736 2463 918 2530 illustrauit
939 2487 945 2526 :
965 2463 1092 2529 scilicet
1104 2462 1370 2551 Aristophanem

351 2573 501 2638 Atticum
522 2593 558 2639 se
580 2577 739 2660 praestare
755 2569 915 2638 omnibus
930 2571 965 2635 in
976 2569 1079 2638 rebus
1095 2577 1128 2637 et
1142 2569 1269 2658 qnaeed
1284 2591 1371 2638 rem-

351 2677 522 2766 publicam
538 2679 680 2766 ejnsque
696 2678 927 2746 conditionem
939 2685 972 2746 et
987 2697 1064 2766 quae
1075 2677 1117 2744 ad
1137 2677 1282 2746 deornm
1299 2679 1371 2746 onl-

351 2792 423 2851 tnm
441 2785 623 2874 pertinent.
643 2785 804 2862 Quocirca
820 2784 902 2852 deos
918 2805 1004 2872 qnos
1020 2785 1053 2850 in
1086 2789 1262 2869 aquilicus
1283 2800 1366 2873 ἐγχω-

348 2907 422 2982 ρίους
442 2899 551 2969 vocat,
590 2893 653 2959 etsi
670 2892 795 2980 saepius
808 2891 973 2959 adversus
1002 2891 1080 2959 illos
1100 2899 1133 2960 et
1167 2892 1241 2959 sine
1262 2891 1368 2959 modo

350 3020 409 3088 per
425 3000 634 3089 impietatem
648 3006 748 3087 atque
772 2999 964 3066 irrisionem
993 3005 1166 3086 grassatus
1197 3004 1260 3078 est,
1277 3006 1364 3065 atta·

348 3128 440 3184 men,
464 3107 745 3196 quotiescumque
760 3105 884 3173 fabulae
903 3106 1077 3194 proposito
1098 3105 1256 3193 religiosa
1282 3125 1367 3172 con-

349 3216 492 3283 veniunt
507 3221 706 3284 ornamenta
726 3221 785 3282 aut
804 3211 1017 3280 consuetodo
1033 3212 1173 3299 lyricam
1191 3233 1365 3280 sacrorum

348 3321 823 3410 celebrationemexpostnlat,
840 3319 895 3407 pio
911 3339 969 3386 ore
983 3324 1016 3384 et
1032 3316 1171 3384 sublimi
1183 3318 1366 3384 instinctus

348 3430 468 3517 spiritu
489 3429 615 3517 precari
637 3432 731 3495 visus
749 3434 813 3495 est.
834 3425 966 3492 Laudes
993 3425 1084 3492 enim
1105 3425 1171 3492 illae
1191 3430 1292 3512 atque
1310 3425 1364 3490 iu·

345 3537 542 3604 vocationes
562 3538 596 3602 in
616 3536 768 3603 Athenas
792 3535 881 3623 ipsas
898 3531 1093 3600 redundant
1108 3531 1365 3619 quodammodo

345 3652 379 3714 ot
398 3645 504 3712 amori
521 3645 647 3712 ciuium
667 3643 810 3732 petriam
832 3642 989 3708 tellurem
1011 3638 1266 3707 commendant.
1295 3639 1363 3704 lm-

345 3752 420 3841 pius
437 3750 468 3816 io
490 3750 610 3817 ceteris
638 3747 708 3816 fere
724 3747 899 3823 omnibus,
921 3747 954 3813 in
981 3767 1021 3815 eo
1044 3747 1165 3815 saltem
1186 3767 1265 3832 vere
1287 3747 1364 3834 pius

344 3865 445 3946 atque
461 3857 639 3944 religiosus
650 3854 714 3923 fuit
728 3854 986 3942 Aristophanae,
1005 3851 1097 3940 quod
1118 3853 1269 3946 Athepas
1284 3871 1364 3918 suas

344 3969 475 4034 sincera
491 3970 692 4054 prosecutus
706 3969 758 4030 est
784 3960 1009 4028 admiratione
1029 3979 1131 4046 qnam
1158 3945 1363 4046 religionem

374 4195 383 4230 ¹
404 4197 546 4256 Benacum,
560 4213 600 4258 op.
617 4199 657 4246 cit.
