3114 5088
800 431 941 486 -atl-

363 555 515 627 convicia
534 555 659 626 deinde
675 557 710 624 iu
724 563 858 626 exteras
877 555 1163 646 superstitiones,
1180 577 1330 646 quorum
1350 557 1389 625 in

364 664 437 734 dies
453 663 561 754 magis
582 663 755 733 crescebat
777 662 892 742 favor,
903 665 1050 752 jactata;
1069 660 1204 733 vexatio
1231 663 1392 755 denique

364 772 545 862 gentilium
560 759 752 852 deorum,a
777 769 951 840 veteribus
973 769 1221 839 celebratorum
1243 772 1391 841 vatibus

364 887 398 948 et
414 899 472 970 per
491 884 597 948 totam
616 879 792 958 Graeciam,
810 899 880 946 non
907 877 1082 968 religionis
1106 883 1243 946 tantum
1267 879 1391 970 specie

362 986 424 1055 sed
448 986 529 1054 boni
549 1006 688 1076 quoquo
712 985 839 1077 publici
864 1005 983 1067 causa,
1005 986 1155 1055 honores
1187 987 1388 1077 praecipuos

363 1093 614 1183 usurpantium.
632 1094 712 1172 Quae
728 1093 795 1170 tr'm
815 1113 941 1184 mena
961 1092 1166 1183 impietatis,
1187 1094 1252 1162 etsi
1274 1092 1388 1163 simul

360 1207 420 1269 ant
434 1221 476 1269 ex
490 1201 610 1270 ordine
624 1200 667 1269 ah
689 1201 917 1292 Aristophane
939 1200 1079 1270 fuerunt
1106 1200 1274 1283 admissa,
1303 1221 1382 1270 non

359 1307 517 1378 eamdem
538 1307 749 1398 portendunt
772 1309 986 1400 gravitatem.
1007 1307 1146 1377 Licebat
1171 1309 1318 1378 Athenis
1340 1310 1382 1377 in

360 1413 473 1483 cultus
485 1422 696 1506 apparatum,
710 1417 837 1506 quippe
849 1417 907 1506 qui
919 1413 1136 1484 sacerdotum
1147 1415 1257 1505 magis
1271 1434 1383 1505 quam

362 1521 507 1590 deornm
530 1542 633 1612 opera
664 1523 849 1592 incoluisse
875 1521 1077 1613 putabatur,
1099 1522 1249 1592 cavillari
1277 1530 1312 1591 et
1340 1523 1379 1590 in

359 1628 567 1710 secerdotes,
584 1630 649 1698 nisi
664 1631 753 1699 inter
766 1651 871 1712 sacra,
885 1630 1033 1700 ludibria
1049 1650 1248 1720 congerere,
1263 1650 1381 1719 neque

360 1735 494 1826 legibus
511 1743 570 1804 aut
588 1737 838 1808 consuetudine
852 1739 1048 1829 petulantie
1062 1738 1112 1805 illi
1127 1737 1253 1806 modus
1268 1739 1379 1828 impo-

360 1842 517 1912 nebatur.
535 1844 737 1913 Exterarum
753 1844 1035 1936 superstitionum
1054 1846 1296 1934 persuasiones
1307 1865 1376 1934 ag-

359 1950 561 2040 grediendo,
585 1953 647 2021 etsi
669 1953 896 2033 sacerdotum,
913 1973 1062 2041 wquorum
1081 1954 1285 2022 commercio
1307 1951 1379 2020 iha't

359 2058 514 2140 obviam,
537 2059 675 2128 invidiae
708 2059 929 2150 prodebatur,
964 2079 983 2126 a
1015 2059 1157 2129 crimine
1190 2060 1376 2150 impietatis

356 2165 497 2234 omnino
509 2172 605 2235 tutus
618 2173 689 2236 erut
704 2166 868 2247 comicus,
881 2155 961 2256 quia
975 2165 1243 2236 adsentatorum
1265 2187 1376 2236 sacro·

357 2284 432 2342 rum
453 2294 596 2344 censura
615 2275 761 2364 gentiles
779 2273 862 2342 deos
877 2279 911 2343 et
929 2295 949 2342 a
967 2273 1121 2364 patribus
1136 2273 1295 2343 traditam
1319 2295 1373 2342 re-

357 2381 519 2470 ligionem
539 2381 719 2451 videbatur
734 2382 832 2450 tueri.
864 2383 980 2471 ltaque
1000 2401 1041 2450 cx
1066 2381 1251 2472 impietatis
1266 2403 1369 2474 argu-

356 2489 483 2556 mentis
506 2509 582 2577 quae
609 2489 768 2578 colligere
792 2490 851 2556 hic
882 2489 1026 2579 placuit,
1042 2508 1085 2556 ee
1110 2495 1249 2558 tantum
1281 2491 1371 2581 apud

356 2596 491 2664 Graecos
512 2595 670 2664 habiture
697 2595 835 2665 luerunt
862 2595 988 2684 aliquid
1017 2597 1196 2679 momenti,
1225 2619 1303 2686 quac
1322 2618 1370 2666 ex

357 2702 480 2771 veteris
497 2702 672 2793 religionis
687 2703 815 2785 derisu,
830 2724 849 2773 e
862 2705 1105 2791 mysteriorum
1121 2703 1371 2775 deformatione

356 2809 497 2878 ridicula
511 2816 663 2900 repetere
677 2832 881 2900 possumus;
898 2819 1009 2880 cetera
1022 2833 1157 2880 morum
1171 2820 1369 2883 nostrorum

354 2921 457 3005 atque
484 2917 745 2988 consuetudinis
777 2919 922 2988 recentis
953 2919 1198 3008 exspectationi
1224 2940 1383 3010 respon·v

354 3024 449 3094 dent.
470 3027 549 3104 Quae
566 3027 726 3118 praedicte
741 3027 813 3118 jam
833 3046 925 3095 nunc
945 3021 1136 3094 necessaria
1156 3021 1248 3108 sunt,
1268 3048 1312 3097 ne
1325 3027 1368 3096 ad

355 3141 507 3201 nostram
529 3135 696 3202 rationem
721 3133 985 3224 Aristophanem
1012 3134 1198 3223 impietatis
1222 3135 1368 3203 insimu-

354 3239 443 3308 lasse
463 3240 652 3310 videamur.

827 3581 889 3657 §A

307 3817 312 3826 ·
396 3801 548 3883 Oracula,
566 3804 721 3892 portenta
732 3798 898 3874 divinitus
908 3811 1037 3887 exorta,
1052 3800 1275 3890 initiationes
1283 3819 1364 3904 pre·

350 3928 418 3989 ces,
436 3908 600 3976 sacrificia
615 3917 647 3977 et
660 3931 800 3982 omnem
816 3913 929 3980 cultus
942 3917 1142 4002 apparatum
1156 3931 1364 4012 componen-

349 4016 402 4084 dis
430 4017 554 4085 fabulis
588 4016 730 4088 ridicule
765 4020 1011 4111 Aristophanes
1040 4019 1213 4118 adaptavit
1237 4045 1244 4088 :
1266 4023 1363 4122 cujus

348 4121 514 4191 irrisionis
529 4124 708 4194 innumera
722 4125 793 4197 fere
807 4134 887 4197 sunt
901 4127 1108 4209 testimonia,
1123 4147 1236 4218 neque
1247 4133 1362 4196 tamen
