<?xml version="1.0" encoding="UTF-8"?>
<!DOCTYPE html PUBLIC "-//W3C//DTD XHTML 1.0 Transitional//EN"
    "http://www.w3.org/TR/xhtml1/DTD/xhtml1-transitional.dtd">
<html xmlns="http://www.w3.org/1999/xhtml" xml:lang="en" lang="en">
 <head>
  <title>
</title>
<meta http-equiv="Content-Type" content="text/html;charset=utf-8" />
  <meta name='ocr-system' content='tesseract 3.04.00' />
  <meta name='ocr-capabilities' content='ocr_page ocr_carea ocr_par ocr_line ocrx_word'/>
</head>
<body>
  <div class='ocr_page' id='page_1' title='image "./aristophanesimp00hildgoog_0103.png"; bbox 0 0 3156 5082; ppageno 0'>
   <div class='ocr_carea' id='block_1_1' title="bbox 767 489 911 546">
    <p class='ocr_par' dir='ltr' id='par_1_1' title="bbox 767 489 911 546">
     <span class='ocr_line' id='line_1_1' title="bbox 767 489 911 546; baseline 0 -14"><span class='ocrx_word' id='word_1_1' title='bbox 767 489 911 546; x_wconf 61' lang='lat' dir='ltr'>dnum-</span> 
     </span>
    </p>
   </div>
   <div class='ocr_carea' id='block_1_2' title="bbox 295 613 1351 1986">
    <p class='ocr_par' dir='ltr' id='par_1_2' title="bbox 295 613 1351 1986">
     <span class='ocr_line' id='line_1_2' title="bbox 329 613 1351 708; baseline -0.002 -22"><span class='ocrx_word' id='word_1_2' title='bbox 329 616 492 708; x_wconf 87' lang='lat' dir='ltr'><strong>opinione</strong></span> <span class='ocrx_word' id='word_1_3' title='bbox 505 621 534 696; x_wconf 72' lang='lat' dir='ltr'><strong>t,</strong></span> <span class='ocrx_word' id='word_1_4' title='bbox 554 634 690 704; x_wconf 83' lang='lat' dir='ltr'><strong>noanon</strong></span> <span class='ocrx_word' id='word_1_5' title='bbox 722 615 766 684; x_wconf 85' lang='lat' dir='ltr'><strong>eb</strong></span> <span class='ocrx_word' id='word_1_6' title='bbox 790 614 1056 704; x_wconf 82' lang='lat' dir='ltr'><strong>Hegelianorum</strong></span> <span class='ocrx_word' id='word_1_7' title='bbox 1085 613 1282 684; x_wconf 84' lang='lat' dir='ltr'><strong>oritionrum</strong></span> <span class='ocrx_word' id='word_1_8' title='bbox 1304 613 1351 684; x_wconf 87' lang='lat' dir='ltr'><strong>de</strong></span> 
     </span>
     <span class='ocr_line' id='line_1_3' title="bbox 329 720 1351 812; baseline -0.004 -18"><span class='ocrx_word' id='word_1_9' title='bbox 329 723 499 794; x_wconf 89' lang='lat' dir='ltr'><strong>oomoedia</strong></span> <span class='ocrx_word' id='word_1_10' title='bbox 511 724 612 792; x_wconf 82' lang='lat' dir='ltr'><strong>attica</strong></span> <span class='ocrx_word' id='word_1_11' title='bbox 625 742 687 812; x_wconf 94' lang='lat' dir='ltr'><strong>pro</strong></span> <span class='ocrx_word' id='word_1_12' title='bbox 702 720 878 790; x_wconf 90' lang='lat' dir='ltr'><strong>suadomo</strong></span> <span class='ocrx_word' id='word_1_13' title='bbox 900 721 1128 811; x_wconf 85' lang='lat' dir='ltr'><strong>pugnantium</strong></span> <span class='ocrx_word' id='word_1_14' title='bbox 1143 720 1286 810; x_wconf 84' lang='lat' dir='ltr'><strong>argutiis</strong></span> <span class='ocrx_word' id='word_1_15' title='bbox 1298 739 1351 790; x_wconf 82' lang='lat' dir='ltr'><strong>se</strong></span> 
     </span>
     <span class='ocr_line' id='line_1_4' title="bbox 326 826 1351 920; baseline -0.004 -20"><span class='ocrx_word' id='word_1_16' title='bbox 326 832 473 920; x_wconf 80' lang='lat' dir='ltr'><strong>jungere</strong></span> <span class='ocrx_word' id='word_1_17' title='bbox 490 834 516 897; x_wconf 74' lang='lat'><strong>2.</strong></span> <span class='ocrx_word' id='word_1_18' title='bbox 535 829 578 900; x_wconf 92' lang='lat' dir='ltr'><strong>Hi</strong></span> <span class='ocrx_word' id='word_1_19' title='bbox 604 828 711 908; x_wconf 88' lang='lat' dir='ltr'><strong>enim,</strong></span> <span class='ocrx_word' id='word_1_20' title='bbox 737 847 933 916; x_wconf 86' lang='lat' dir='ltr'><strong>quanquam</strong></span> <span class='ocrx_word' id='word_1_21' title='bbox 966 826 1113 898; x_wconf 85' lang='lat' dir='ltr'><strong>diversis</strong></span> <span class='ocrx_word' id='word_1_22' title='bbox 1151 827 1295 918; x_wconf 83' lang='lat' dir='ltr'><strong>profecti</strong></span> <span class='ocrx_word' id='word_1_23' title='bbox 1329 849 1351 896; x_wconf 92' lang='lat' dir='ltr'><strong>a</strong></span> 
     </span>
     <span class='ocr_line' id='line_1_5' title="bbox 330 933 1349 1027; baseline -0.004 -21"><span class='ocrx_word' id='word_1_24' title='bbox 330 936 520 1027; x_wconf 79' lang='lat' dir='ltr'><strong>principiis,</strong></span> <span class='ocrx_word' id='word_1_25' title='bbox 532 936 567 1003; x_wconf 93' lang='lat' dir='ltr'><strong>in</strong></span> <span class='ocrx_word' id='word_1_26' title='bbox 581 955 622 1004; x_wconf 89' lang='lat' dir='ltr'><strong>eo</strong></span> <span class='ocrx_word' id='word_1_27' title='bbox 639 941 754 1003; x_wconf 90' lang='lat' dir='ltr'><strong>tamen</strong></span> <span class='ocrx_word' id='word_1_28' title='bbox 767 941 894 1003; x_wconf 81' lang='lat' dir='ltr'><strong>coeunt</strong></span> <span class='ocrx_word' id='word_1_29' title='bbox 910 939 947 1002; x_wconf 89' lang='lat' dir='ltr'><strong>ut</strong></span> <span class='ocrx_word' id='word_1_30' title='bbox 965 933 1187 1024; x_wconf 80' lang='lat' dir='ltr'><strong>Aristophani</strong></span> <span class='ocrx_word' id='word_1_31' title='bbox 1199 935 1349 1024; x_wconf 83' lang='lat' dir='ltr'><strong>permix-</strong></span> 
     </span>
     <span class='ocr_line' id='line_1_6' title="bbox 329 1041 1350 1132; baseline -0.003 -19"><span class='ocrx_word' id='word_1_32' title='bbox 329 1050 405 1113; x_wconf 86' lang='lat' dir='ltr'><strong>tum</strong></span> <span class='ocrx_word' id='word_1_33' title='bbox 421 1042 588 1132; x_wconf 85' lang='lat' dir='ltr'><strong>religione</strong></span> <span class='ocrx_word' id='word_1_34' title='bbox 603 1041 708 1110; x_wconf 91' lang='lat' dir='ltr'><strong>simul</strong></span> <span class='ocrx_word' id='word_1_35' title='bbox 722 1047 826 1130; x_wconf 89' lang='lat' dir='ltr'><strong>atque</strong></span> <span class='ocrx_word' id='word_1_36' title='bbox 839 1042 1014 1132; x_wconf 83' lang='lat' dir='ltr'><strong>impietate</strong></span> <span class='ocrx_word' id='word_1_37' title='bbox 1027 1041 1179 1110; x_wconf 79' lang='lat' dir='ltr'><strong>tribuant</strong></span> <span class='ocrx_word' id='word_1_38' title='bbox 1193 1042 1350 1110; x_wconf 88' lang='lat' dir='ltr'><strong>animum</strong></span> 
     </span>
     <span class='ocr_line' id='line_1_7' title="bbox 328 1148 1350 1239; baseline 0.002 -20"><span class='ocrx_word' id='word_1_39' title='bbox 328 1156 363 1220; x_wconf 82' lang='lat' dir='ltr'><strong>et</strong></span> <span class='ocrx_word' id='word_1_40' title='bbox 376 1171 485 1239; x_wconf 85' lang='lat' dir='ltr'><strong>quum</strong></span> <span class='ocrx_word' id='word_1_41' title='bbox 507 1153 749 1233; x_wconf 79' lang='lat' dir='ltr'><strong>sabjeotivtsmt</strong></span> <span class='ocrx_word' id='word_1_42' title='bbox 765 1149 822 1236; x_wconf 89' lang='lat' dir='ltr'><strong>(sit</strong></span> <span class='ocrx_word' id='word_1_43' title='bbox 847 1150 947 1219; x_wconf 88' lang='lat' dir='ltr'><strong>venia</strong></span> <span class='ocrx_word' id='word_1_44' title='bbox 973 1148 1090 1238; x_wconf 85' lang='lat' dir='ltr'><strong>verbo)</strong></span> <span class='ocrx_word' id='word_1_45' title='bbox 1107 1149 1279 1218; x_wconf 89' lang='lat' dir='ltr'><strong>exstiterit</strong></span> <span class='ocrx_word' id='word_1_46' title='bbox 1290 1148 1350 1221; x_wconf 82' lang='lat' dir='ltr'><strong>ed·</strong></span> 
     </span>
     <span class='ocr_line' id='line_1_8' title="bbox 328 1255 1351 1346; baseline -0.003 -20"><span class='ocrx_word' id='word_1_47' title='bbox 328 1257 510 1337; x_wconf 77' lang='lat' dir='ltr'><strong>versamus,</strong></span> <span class='ocrx_word' id='word_1_48' title='bbox 539 1255 621 1324; x_wconf 85' lang='lat' dir='ltr'><strong>huie</strong></span> <span class='ocrx_word' id='word_1_49' title='bbox 643 1255 876 1345; x_wconf 78' lang='lat' dir='ltr'><strong>sophistarum</strong></span> <span class='ocrx_word' id='word_1_50' title='bbox 894 1256 1252 1346; x_wconf 79' lang='lat' dir='ltr'><strong>philosophorumque</strong></span> <span class='ocrx_word' id='word_1_51' title='bbox 1275 1276 1351 1325; x_wconf 92' lang='lat' dir='ltr'><strong>om·</strong></span> 
     </span>
     <span class='ocr_line' id='line_1_9' title="bbox 329 1362 1350 1453; baseline -0.001 -21"><span class='ocrx_word' id='word_1_52' title='bbox 329 1365 424 1432; x_wconf 90' lang='lat' dir='ltr'><strong>nium</strong></span> <span class='ocrx_word' id='word_1_53' title='bbox 463 1363 627 1433; x_wconf 79' lang='lat' dir='ltr'><strong>doctrinar</strong></span> <span class='ocrx_word' id='word_1_54' title='bbox 662 1363 764 1430; x_wconf 81' lang='lat' dir='ltr'><strong>iilum</strong></span> <span class='ocrx_word' id='word_1_55' title='bbox 803 1362 925 1433; x_wconf 90' lang='lat' dir='ltr'><strong>eodem</strong></span> <span class='ocrx_word' id='word_1_56' title='bbox 960 1363 1147 1432; x_wconf 89' lang='lat' dir='ltr'><strong>indulsisse</strong></span> <span class='ocrx_word' id='word_1_57' title='bbox 1182 1363 1350 1453; x_wconf 89' lang='lat' dir='ltr'><strong>temporis</strong></span> 
     </span>
     <span class='ocr_line' id='line_1_10' title="bbox 329 1467 1350 1561; baseline -0.003 -22"><span class='ocrx_word' id='word_1_58' title='bbox 329 1472 439 1561; x_wconf 90' lang='lat' dir='ltr'><strong>spatio</strong></span> <span class='ocrx_word' id='word_1_59' title='bbox 459 1477 670 1539; x_wconf 79' lang='lat' dir='ltr'><strong>asseverent.</strong></span> <span class='ocrx_word' id='word_1_60' title='bbox 697 1472 731 1540; x_wconf 87' lang='lat' dir='ltr'><strong>C.</strong></span> <span class='ocrx_word' id='word_1_61' title='bbox 753 1469 863 1549; x_wconf 87' lang='lat' dir='ltr'><strong>Kook,</strong></span> <span class='ocrx_word' id='word_1_62' title='bbox 900 1469 935 1537; x_wconf 92' lang='lat' dir='ltr'><strong>ni</strong></span> <span class='ocrx_word' id='word_1_63' title='bbox 962 1467 1073 1550; x_wconf 83' lang='lat' dir='ltr'><strong>fallor,</strong></span> <span class='ocrx_word' id='word_1_64' title='bbox 1108 1468 1350 1559; x_wconf 78' lang='lat' dir='ltr'><strong>Aristophanis</strong></span> 
     </span>
     <span class='ocr_line' id='line_1_11' title="bbox 329 1577 1346 1670; baseline -0.002 -22"><span class='ocrx_word' id='word_1_65' title='bbox 329 1599 433 1670; x_wconf 87' lang='lat' dir='ltr'><strong>opera</strong></span> <span class='ocrx_word' id='word_1_66' title='bbox 444 1599 505 1668; x_wconf 92' lang='lat' dir='ltr'><strong>pro</strong></span> <span class='ocrx_word' id='word_1_67' title='bbox 519 1577 664 1648; x_wconf 88' lang='lat' dir='ltr'><strong>diversis</strong></span> <span class='ocrx_word' id='word_1_68' title='bbox 675 1579 767 1647; x_wconf 91' lang='lat' dir='ltr'><strong>illius</strong></span> <span class='ocrx_word' id='word_1_69' title='bbox 786 1579 895 1647; x_wconf 84' lang='lat' dir='ltr'><strong>aetatis</strong></span> <span class='ocrx_word' id='word_1_70' title='bbox 907 1577 1056 1647; x_wconf 82' lang='lat' dir='ltr'><strong>fortunis</strong></span> <span class='ocrx_word' id='word_1_71' title='bbox 1072 1577 1346 1668; x_wconf 87' lang='lat' dir='ltr'><strong>interpretando,</strong></span> 
     </span>
     <span class='ocr_line' id='line_1_12' title="bbox 329 1685 1347 1775; baseline 0 -21"><span class='ocrx_word' id='word_1_72' title='bbox 329 1686 555 1775; x_wconf 71' lang='lat' dir='ltr'><strong>questionem</strong></span> <span class='ocrx_word' id='word_1_73' title='bbox 570 1705 630 1775; x_wconf 92' lang='lat' dir='ltr'><strong>per</strong></span> <span class='ocrx_word' id='word_1_74' title='bbox 645 1706 683 1755; x_wconf 87' lang='lat' dir='ltr'><strong>se</strong></span> <span class='ocrx_word' id='word_1_75' title='bbox 704 1685 886 1754; x_wconf 81' lang='lat' dir='ltr'><strong>obscuram</strong></span> <span class='ocrx_word' id='word_1_76' title='bbox 910 1685 1059 1754; x_wconf 91' lang='lat' dir='ltr'><strong>inbono</strong></span> <span class='ocrx_word' id='word_1_77' title='bbox 1084 1685 1265 1755; x_wconf 77' lang='lat' dir='ltr'><strong>collocavit</strong></span> <span class='ocrx_word' id='word_1_78' title='bbox 1291 1685 1347 1754; x_wconf 90' lang='lat' dir='ltr'><strong>lu·</strong></span> 
     </span>
     <span class='ocr_line' id='line_1_13' title="bbox 329 1791 1349 1882; baseline 0.002 -22"><span class='ocrx_word' id='word_1_79' title='bbox 329 1793 433 1872; x_wconf 84' lang='lat' dir='ltr'><strong>mine,</strong></span> <span class='ocrx_word' id='word_1_80' title='bbox 446 1813 523 1881; x_wconf 85' lang='lat' dir='ltr'><strong>quae</strong></span> <span class='ocrx_word' id='word_1_81' title='bbox 538 1799 576 1861; x_wconf 93' lang='lat' dir='ltr'><strong>ut</strong></span> <span class='ocrx_word' id='word_1_82' title='bbox 588 1792 713 1861; x_wconf 85' lang='lat' dir='ltr'><strong>clarius</strong></span> <span class='ocrx_word' id='word_1_83' title='bbox 728 1791 842 1860; x_wconf 84' lang='lat' dir='ltr'><strong>adhue</strong></span> <span class='ocrx_word' id='word_1_84' title='bbox 865 1792 1068 1874; x_wconf 89' lang='lat' dir='ltr'><strong>illustretur,</strong></span> <span class='ocrx_word' id='word_1_85' title='bbox 1086 1794 1248 1882; x_wconf 87' lang='lat' dir='ltr'><strong>pietatem</strong></span> <span class='ocrx_word' id='word_1_86' title='bbox 1265 1809 1349 1862; x_wconf 90' lang='lat' dir='ltr'><strong>nos·</strong></span> 
     </span>
     <span class='ocr_line' id='line_1_14' title="bbox 295 1897 1213 1986; baseline 0.002 -21"><span class='ocrx_word' id='word_1_87' title='bbox 295 1938 299 1948; x_wconf 93' lang='lat'><em>·</em></span> <span class='ocrx_word' id='word_1_88' title='bbox 330 1900 372 1966; x_wconf 91' lang='lat' dir='ltr'><strong>tri</strong></span> <span class='ocrx_word' id='word_1_89' title='bbox 387 1899 498 1986; x_wconf 89' lang='lat' dir='ltr'><strong>qualis</strong></span> <span class='ocrx_word' id='word_1_90' title='bbox 513 1899 616 1968; x_wconf 88' lang='lat' dir='ltr'><strong>fuerit</strong></span> <span class='ocrx_word' id='word_1_91' title='bbox 632 1897 814 1968; x_wconf 84' lang='lat' dir='ltr'><strong>ostendere</strong></span> <span class='ocrx_word' id='word_1_92' title='bbox 829 1899 945 1986; x_wconf 84' lang='lat' dir='ltr'><strong>paucis</strong></span> <span class='ocrx_word' id='word_1_93' title='bbox 972 1900 1007 1967; x_wconf 90' lang='lat' dir='ltr'><strong>in</strong></span> <span class='ocrx_word' id='word_1_94' title='bbox 1021 1901 1135 1969; x_wconf 87' lang='lat' dir='ltr'><strong>animo</strong></span> <span class='ocrx_word' id='word_1_95' title='bbox 1148 1905 1213 1970; x_wconf 88' lang='lat' dir='ltr'><strong>est.</strong></span> 
     </span>
    </p>
   </div>
   <div class='ocr_carea' id='block_1_3' title="bbox 808 2281 870 2345">
    <p class='ocr_par' dir='ltr' id='par_1_3' title="bbox 808 2281 870 2345">
     <span class='ocr_line' id='line_1_15' title="bbox 808 2281 870 2345; baseline 0.016 -12"><span class='ocrx_word' id='word_1_96' title='bbox 808 2281 870 2345; x_wconf 66' lang='lat'><strong>52.</strong></span> 
     </span>
    </p>
   </div>
   <div class='ocr_carea' id='block_1_4' title="bbox 329 2516 1352 3691">
    <p class='ocr_par' dir='ltr' id='par_1_4' title="bbox 329 2516 1352 3691">
     <span class='ocr_line' id='line_1_16' title="bbox 375 2516 1348 2610; baseline 0.011 -24"><span class='ocrx_word' id='word_1_97' title='bbox 375 2516 549 2586; x_wconf 85' lang='lat' dir='ltr'><strong>Commdia</strong></span> <span class='ocrx_word' id='word_1_98' title='bbox 579 2517 691 2598; x_wconf 82' lang='lat' dir='ltr'><strong>etiion,</strong></span> <span class='ocrx_word' id='word_1_99' title='bbox 710 2524 748 2585; x_wconf 88' lang='lat' dir='ltr'><strong>ut</strong></span> <span class='ocrx_word' id='word_1_100' title='bbox 778 2521 849 2608; x_wconf 87' lang='lat' dir='ltr'><strong>jem</strong></span> <span class='ocrx_word' id='word_1_101' title='bbox 883 2541 987 2610; x_wconf 89' lang='lat' dir='ltr'><strong>supra</strong></span> <span class='ocrx_word' id='word_1_102' title='bbox 1013 2521 1142 2592; x_wconf 82' lang='lat' dir='ltr'><strong>dietum</strong></span> <span class='ocrx_word' id='word_1_103' title='bbox 1167 2534 1231 2606; x_wconf 90' lang='lat' dir='ltr'><strong>est,</strong></span> <span class='ocrx_word' id='word_1_104' title='bbox 1270 2549 1348 2596; x_wconf 85' lang='lat' dir='ltr'><strong>uum</strong></span> 
     </span>
     <span class='ocr_line' id='line_1_17' title="bbox 329 2623 1350 2714; baseline 0.012 -22"><span class='ocrx_word' id='word_1_105' title='bbox 329 2623 449 2692; x_wconf 84' lang='lat' dir='ltr'><strong>Bacchi</strong></span> <span class='ocrx_word' id='word_1_106' title='bbox 474 2623 762 2714; x_wconf 72' lang='lat' dir='ltr'><strong>religionemque</strong></span> <span class='ocrx_word' id='word_1_107' title='bbox 788 2627 881 2694; x_wconf 79' lang='lat' dir='ltr'><strong>cuitu</strong></span> <span class='ocrx_word' id='word_1_108' title='bbox 915 2629 1104 2700; x_wconf 86' lang='lat' dir='ltr'><strong>arctissime</strong></span> <span class='ocrx_word' id='word_1_109' title='bbox 1134 2634 1297 2712; x_wconf 82' lang='lat' dir='ltr'><strong>cohaeret.</strong></span> <span class='ocrx_word' id='word_1_110' title='bbox 1316 2641 1350 2704; x_wconf 89' lang='lat' dir='ltr'><strong>et</strong></span> 
     </span>
     <span class='ocr_line' id='line_1_18' title="bbox 329 2729 1349 2823; baseline 0.014 -26"><span class='ocrx_word' id='word_1_111' title='bbox 329 2729 461 2818; x_wconf 84' lang='lat' dir='ltr'><strong>origine</strong></span> <span class='ocrx_word' id='word_1_112' title='bbox 480 2749 541 2797; x_wconf 87' lang='lat' dir='ltr'><strong>sua</strong></span> <span class='ocrx_word' id='word_1_113' title='bbox 560 2729 705 2798; x_wconf 91' lang='lat' dir='ltr'><strong>deorum</strong></span> <span class='ocrx_word' id='word_1_114' title='bbox 729 2732 879 2822; x_wconf 85' lang='lat' dir='ltr'><strong>aliquam</strong></span> <span class='ocrx_word' id='word_1_115' title='bbox 894 2737 1062 2823; x_wconf 85' lang='lat' dir='ltr'><strong>poeticam</strong></span> <span class='ocrx_word' id='word_1_116' title='bbox 1081 2739 1349 2811; x_wconf 79' lang='lat' dir='ltr'><strong>celebrationem</strong></span> 
     </span>
     <span class='ocr_line' id='line_1_19' title="bbox 329 2836 1351 2940; baseline 0.012 -36"><span class='ocrx_word' id='word_1_117' title='bbox 329 2837 418 2904; x_wconf 86' lang='lat' dir='ltr'><strong>inter</strong></span> <span class='ocrx_word' id='word_1_118' title='bbox 432 2836 515 2904; x_wconf 89' lang='lat' dir='ltr'><strong>artis</strong></span> <span class='ocrx_word' id='word_1_119' title='bbox 529 2857 601 2904; x_wconf 85' lang='lat' dir='ltr'><strong>suae</strong></span> <span class='ocrx_word' id='word_1_120' title='bbox 616 2837 787 2908; x_wconf 86' lang='lat' dir='ltr'><strong>elementa</strong></span> <span class='ocrx_word' id='word_1_121' title='bbox 810 2842 961 2932; x_wconf 76' lang='lat' dir='ltr'><strong>recipere</strong></span> <span class='ocrx_word' id='word_1_122' title='bbox 989 2847 1134 2934; x_wconf 84' lang='lat' dir='ltr'><strong>cogitur.</strong></span> <span class='ocrx_word' id='word_1_123' title='bbox 1155 2848 1351 2940; x_wconf 85' lang='lat' dir='ltr'><strong>Aristopha-</strong></span> 
     </span>
     <span class='ocr_line' id='line_1_20' title="bbox 330 2944 1349 3037; baseline 0.014 -25"><span class='ocrx_word' id='word_1_124' title='bbox 330 2963 392 3012; x_wconf 90' lang='lat' dir='ltr'><strong>nes</strong></span> <span class='ocrx_word' id='word_1_125' title='bbox 405 2944 463 3033; x_wconf 89' lang='lat' dir='ltr'><strong>qui</strong></span> <span class='ocrx_word' id='word_1_126' title='bbox 482 2945 625 3033; x_wconf 87' lang='lat' dir='ltr'><strong>poeticis</strong></span> <span class='ocrx_word' id='word_1_127' title='bbox 645 2947 806 3016; x_wconf 90' lang='lat' dir='ltr'><strong>omnibus</strong></span> <span class='ocrx_word' id='word_1_128' title='bbox 821 2949 952 3020; x_wconf 79' lang='lat' dir='ltr'><strong>eminet</strong></span> <span class='ocrx_word' id='word_1_129' title='bbox 974 2952 1204 3037; x_wconf 84' lang='lat' dir='ltr'><strong>facultatibus,</strong></span> <span class='ocrx_word' id='word_1_130' title='bbox 1221 2960 1349 3026; x_wconf 84' lang='lat' dir='ltr'><strong>sesain</strong></span> 
     </span>
     <span class='ocr_line' id='line_1_21' title="bbox 329 3049 1350 3148; baseline 0.016 -31"><span class='ocrx_word' id='word_1_131' title='bbox 329 3069 369 3118; x_wconf 84' lang='lat' dir='ltr'><strong>ea</strong></span> <span class='ocrx_word' id='word_1_132' title='bbox 384 3049 497 3139; x_wconf 89' lang='lat' dir='ltr'><strong>operis</strong></span> <span class='ocrx_word' id='word_1_133' title='bbox 514 3058 608 3140; x_wconf 86' lang='lat' dir='ltr'><strong>parte</strong></span> <span class='ocrx_word' id='word_1_134' title='bbox 634 3074 704 3121; x_wconf 89' lang='lat' dir='ltr'><strong>non</strong></span> <span class='ocrx_word' id='word_1_135' title='bbox 726 3055 841 3124; x_wconf 89' lang='lat' dir='ltr'><strong>minus</strong></span> <span class='ocrx_word' id='word_1_136' title='bbox 868 3059 1043 3147; x_wconf 83' lang='lat' dir='ltr'><strong>egregium</strong></span> <span class='ocrx_word' id='word_1_137' title='bbox 1068 3080 1170 3148; x_wconf 92' lang='lat' dir='ltr'><strong>quam</strong></span> <span class='ocrx_word' id='word_1_138' title='bbox 1198 3063 1234 3130; x_wconf 88' lang='lat' dir='ltr'><strong>in</strong></span> <span class='ocrx_word' id='word_1_139' title='bbox 1258 3071 1350 3134; x_wconf 85' lang='lat' dir='ltr'><strong>oete-</strong></span> 
     </span>
     <span class='ocr_line' id='line_1_22' title="bbox 330 3159 1352 3259; baseline 0.016 -33"><span class='ocrx_word' id='word_1_140' title='bbox 330 3159 376 3226; x_wconf 88' lang='lat' dir='ltr'><strong>ris</strong></span> <span class='ocrx_word' id='word_1_141' title='bbox 392 3165 507 3228; x_wconf 89' lang='lat' dir='ltr'><strong>vatem</strong></span> <span class='ocrx_word' id='word_1_142' title='bbox 520 3161 677 3249; x_wconf 86' lang='lat' dir='ltr'><strong>praestitit</strong></span> <span class='ocrx_word' id='word_1_143' title='bbox 687 3186 695 3242; x_wconf 91' lang='lat'>;</span> <span class='ocrx_word' id='word_1_144' title='bbox 715 3163 743 3230; x_wconf 91' lang='lat' dir='ltr'><strong>si</strong></span> <span class='ocrx_word' id='word_1_145' title='bbox 766 3165 888 3253; x_wconf 84' lang='lat' dir='ltr'><strong>injuria</strong></span> <span class='ocrx_word' id='word_1_146' title='bbox 901 3173 1110 3257; x_wconf 86' lang='lat' dir='ltr'><strong>temporum,</strong></span> <span class='ocrx_word' id='word_1_147' title='bbox 1119 3191 1186 3259; x_wconf 91' lang='lat' dir='ltr'><strong>qua</strong></span> <span class='ocrx_word' id='word_1_148' title='bbox 1202 3173 1352 3242; x_wconf 83' lang='lat' dir='ltr'><strong>maxima</strong></span> 
     </span>
     <span class='ocr_line' id='line_1_23' title="bbox 331 3266 1352 3366; baseline 0.014 -32"><span class='ocrx_word' id='word_1_149' title='bbox 331 3284 409 3354; x_wconf 83' lang='lat' dir='ltr'><strong>pers</strong></span> <span class='ocrx_word' id='word_1_150' title='bbox 425 3268 500 3354; x_wconf 78' lang='lat' dir='ltr'><strong>ejus</strong></span> <span class='ocrx_word' id='word_1_151' title='bbox 512 3266 706 3336; x_wconf 86' lang='lat' dir='ltr'><strong>fabularum</strong></span> <span class='ocrx_word' id='word_1_152' title='bbox 717 3271 903 3359; x_wconf 87' lang='lat' dir='ltr'><strong>perierunt,</strong></span> <span class='ocrx_word' id='word_1_153' title='bbox 921 3281 1042 3344; x_wconf 87' lang='lat' dir='ltr'><strong>ceterae</strong></span> <span class='ocrx_word' id='word_1_154' title='bbox 1054 3298 1192 3366; x_wconf 88' lang='lat' dir='ltr'><strong>quoque</strong></span> <span class='ocrx_word' id='word_1_155' title='bbox 1204 3278 1352 3348; x_wconf 86' lang='lat' dir='ltr'><strong>fuissent</strong></span> 
     </span>
     <span class='ocr_line' id='line_1_24' title="bbox 330 3371 1350 3456; baseline 0.018 -18"><span class='ocrx_word' id='word_1_156' title='bbox 330 3371 488 3452; x_wconf 72' lang='lat' dir='ltr'><strong>subiatas,</strong></span> <span class='ocrx_word' id='word_1_157' title='bbox 506 3375 552 3440; x_wconf 86' lang='lat' dir='ltr'><strong>ita</strong></span> <span class='ocrx_word' id='word_1_158' title='bbox 568 3393 649 3443; x_wconf 85' lang='lat' dir='ltr'><strong>vero</strong></span> <span class='ocrx_word' id='word_1_159' title='bbox 667 3381 704 3444; x_wconf 90' lang='lat' dir='ltr'><strong>ut</strong></span> <span class='ocrx_word' id='word_1_160' title='bbox 718 3378 867 3444; x_wconf 84' lang='lat' dir='ltr'><strong>earmina</strong></span> <span class='ocrx_word' id='word_1_161' title='bbox 882 3380 1073 3450; x_wconf 88' lang='lat' dir='ltr'><strong>iudeorum</strong></span> <span class='ocrx_word' id='word_1_162' title='bbox 1085 3384 1350 3456; x_wconf 86' lang='lat' dir='ltr'><strong>honoremoom-</strong></span> 
     </span>
     <span class='ocr_line' id='line_1_25' title="bbox 331 3479 1350 3584; baseline 0.017 -39"><span class='ocrx_word' id='word_1_163' title='bbox 331 3479 443 3567; x_wconf 88' lang='lat' dir='ltr'><strong>posita</strong></span> <span class='ocrx_word' id='word_1_164' title='bbox 456 3490 688 3568; x_wconf 88' lang='lat' dir='ltr'><strong>superessent,</strong></span> <span class='ocrx_word' id='word_1_165' title='bbox 706 3504 810 3553; x_wconf 91' lang='lat' dir='ltr'><strong>nemo</strong></span> <span class='ocrx_word' id='word_1_166' title='bbox 823 3493 972 3557; x_wconf 82' lang='lat' dir='ltr'><strong>exstaret</strong></span> <span class='ocrx_word' id='word_1_167' title='bbox 986 3491 1045 3579; x_wconf 88' lang='lat' dir='ltr'><strong>qui</strong></span> <span class='ocrx_word' id='word_1_168' title='bbox 1061 3512 1131 3560; x_wconf 93' lang='lat' dir='ltr'><strong>non</strong></span> <span class='ocrx_word' id='word_1_169' title='bbox 1147 3494 1350 3584; x_wconf 88' lang='lat' dir='ltr'><strong>Aristopha-</strong></span> 
     </span>
     <span class='ocr_line' id='line_1_26' title="bbox 331 3587 1350 3691; baseline 0.016 -35"><span class='ocrx_word' id='word_1_170' title='bbox 331 3605 412 3656; x_wconf 87' lang='lat' dir='ltr'><strong>nem</strong></span> <span class='ocrx_word' id='word_1_171' title='bbox 442 3587 740 3677; x_wconf 81' lang='lat' dir='ltr'><strong>religiosissimum</strong></span> <span class='ocrx_word' id='word_1_172' title='bbox 772 3594 902 3662; x_wconf 91' lang='lat' dir='ltr'><strong>omium</strong></span> <span class='ocrx_word' id='word_1_173' title='bbox 936 3598 1130 3668; x_wconf 70' lang='lat' dir='ltr'><strong>erasarum</strong></span> <span class='ocrx_word' id='word_1_174' title='bbox 1171 3608 1350 3691; x_wconf 82' lang='lat' dir='ltr'><strong>poetarum</strong></span> 
     </span>
    </p>
   </div>
   <div class='ocr_carea' id='block_1_5' title="bbox 330 3824 1350 4075">
    <p class='ocr_par' dir='ltr' id='par_1_5' title="bbox 330 3824 1350 4075">
     <span class='ocr_line' id='line_1_27' title="bbox 360 3824 1067 3900; baseline 0.021 -27"><span class='ocrx_word' id='word_1_175' title='bbox 360 3824 370 3861; x_wconf 90' lang='lat'>¹</span> <span class='ocrx_word' id='word_1_176' title='bbox 387 3828 566 3885; x_wconf 60' lang='lat' dir='ltr'><strong>Numanum.</strong></span> <span class='ocrx_word' id='word_1_177' title='bbox 585 3831 717 3882; x_wconf 72' lang='lat' dir='ltr'><strong>Neriton.</strong></span> <span class='ocrx_word' id='word_1_178' title='bbox 730 3834 854 3896; x_wconf 68' lang='lat' dir='ltr'><strong>rhoeteo,</strong></span> <span class='ocrx_word' id='word_1_179' title='bbox 868 3840 918 3895; x_wconf 82' lang='lat' dir='ltr'>vll,</span> <span class='ocrx_word' id='word_1_180' title='bbox 935 3841 964 3886; x_wconf 75' lang='lat'><strong>23</strong></span> <span class='ocrx_word' id='word_1_181' title='bbox 980 3843 1067 3900; x_wconf 72' lang='lat' dir='ltr'><strong>einen.</strong></span> 
     </span>
     <span class='ocr_line' id='line_1_28' title="bbox 360 3907 1349 3982; baseline 0.018 -26"><span class='ocrx_word' id='word_1_182' title='bbox 360 3907 486 3966; x_wconf 59' lang='lat' dir='ltr'><strong>’Hnunm</strong></span> <span class='ocrx_word' id='word_1_183' title='bbox 503 3908 641 3969; x_wconf 81' lang='lat' dir='ltr'><strong>AEathetik.‚</strong></span> <span class='ocrx_word' id='word_1_184' title='bbox 664 3915 709 3967; x_wconf 88' lang='lat'>111.</span> <span class='ocrx_word' id='word_1_185' title='bbox 728 3928 753 3974; x_wconf 89' lang='lat' dir='ltr'><strong>p.</strong></span> <span class='ocrx_word' id='word_1_186' title='bbox 777 3919 821 3964; x_wconf 78' lang='lat'><strong>533</strong></span> <span class='ocrx_word' id='word_1_187' title='bbox 842 3921 865 3964; x_wconf 84' lang='lat' dir='ltr'><strong>et</strong></span> <span class='ocrx_word' id='word_1_188' title='bbox 886 3932 948 3978; x_wconf 61' lang='lat' dir='ltr'><strong>seq„</strong></span> <span class='ocrx_word' id='word_1_189' title='bbox 972 3923 1016 3968; x_wconf 74' lang='lat'><strong>559</strong></span> <span class='ocrx_word' id='word_1_190' title='bbox 1035 3925 1058 3968; x_wconf 87' lang='lat' dir='ltr'><strong>et</strong></span> <span class='ocrx_word' id='word_1_191' title='bbox 1077 3934 1128 3982; x_wconf 82' lang='lat' dir='ltr'><strong>seq.</strong></span> <span class='ocrx_word' id='word_1_192' title='bbox 1143 3925 1187 3971; x_wconf 83' lang='lat' dir='ltr'><strong>Tu.</strong></span> <span class='ocrx_word' id='word_1_193' title='bbox 1200 3927 1349 3976; x_wconf 79' lang='lat' dir='ltr'><strong>Rnrrsonnn.</strong></span> 
     </span>
     <span class='ocr_line' id='line_1_29' title="bbox 330 3988 1350 4075; baseline 0.019 -40"><span class='ocrx_word' id='word_1_194' title='bbox 330 3988 505 4048; x_wconf 75' lang='lat' dir='ltr'><strong>Aristophanes</strong></span> <span class='ocrx_word' id='word_1_195' title='bbox 519 3991 573 4038; x_wconf 79' lang='lat' dir='ltr'><strong>unct</strong></span> <span class='ocrx_word' id='word_1_196' title='bbox 591 3994 644 4039; x_wconf 80' lang='lat' dir='ltr'><strong>rein</strong></span> <span class='ocrx_word' id='word_1_197' title='bbox 664 3993 788 4053; x_wconf 59' lang='lat' dir='ltr'><strong>Zeitatten</strong></span> <span class='ocrx_word' id='word_1_198' title='bbox 807 3998 851 4057; x_wconf 85' lang='lat' dir='ltr'><strong>qui</strong></span> <span class='ocrx_word' id='word_1_199' title='bbox 869 3999 975 4048; x_wconf 81' lang='lat' dir='ltr'><strong>affirmat</strong></span> <span class='ocrx_word' id='word_1_200' title='bbox 992 4003 1141 4052; x_wconf 71' lang='lat' dir='ltr'><strong>comoediam</strong></span> <span class='ocrx_word' id='word_1_201' title='bbox 1161 4006 1262 4074; x_wconf 75' lang='lat' dir='ltr'><strong>atticam</strong></span> <span class='ocrx_word' id='word_1_202' title='bbox 1274 4020 1350 4075; x_wconf 68' lang='lat' dir='ltr'><strong>espa:</strong></span> 
     </span>
    </p>
   </div>
   <div class='ocr_carea' id='block_1_6' title="bbox 330 4069 1352 4210">
    <p class='ocr_par' dir='ltr' id='par_1_6' title="bbox 330 4069 1352 4210">
     <span class='ocr_line' id='line_1_30' title="bbox 330 4069 1352 4196; baseline 0.024 -82"><span class='ocrx_word' id='word_1_203' title='bbox 330 4083 343 4111; x_wconf 81' lang='lat' dir='ltr'><strong>n</strong></span> <span class='ocrx_word' id='word_1_204' title='bbox 361 4069 464 4196; x_wconf 49' lang='lat' dir='ltr'><strong>aarpfiaich</strong></span> <span class='ocrx_word' id='word_1_205' title='bbox 480 4071 524 4118; x_wconf 88' lang='lat' dir='ltr'><strong>das</strong></span> <span class='ocrx_word' id='word_1_206' title='bbox 539 4072 683 4152; x_wconf 73' lang='lat' dir='ltr'><strong>Gagentheil</strong></span> <span class='ocrx_word' id='word_1_207' title='bbox 698 4075 785 4127; x_wconf 86' lang='lat' dir='ltr'><strong>dassen</strong></span> <span class='ocrx_word' id='word_1_208' title='bbox 803 4091 856 4146; x_wconf 74' lang='lat' dir='ltr'><strong>was</strong></span> <span class='ocrx_word' id='word_1_209' title='bbox 872 4079 909 4127; x_wconf 82' lang='lat' dir='ltr'><strong>sin</strong></span> <span class='ocrx_word' id='word_1_210' title='bbox 928 4081 1006 4148; x_wconf 82' lang='lat' dir='ltr'><strong>ihrem</strong></span> <span class='ocrx_word' id='word_1_211' title='bbox 1027 4082 1180 4137; x_wconf 80' lang='lat' dir='ltr'><strong>Bewustsein</strong></span> <span class='ocrx_word' id='word_1_212' title='bbox 1195 4088 1261 4158; x_wconf 72' lang='lat' dir='ltr'><strong>nauh</strong></span> <span class='ocrx_word' id='word_1_213' title='bbox 1281 4087 1322 4144; x_wconf 76' lang='lat' dir='ltr'><strong>ist,</strong></span> <span class='ocrx_word' id='word_1_214' title='bbox 1338 4103 1352 4132; x_wconf 75' lang='lat' dir='ltr'><strong>r</strong></span> 
     </span>
     <span class='ocr_line' id='line_1_31' title="bbox 330 4159 422 4210; baseline 0.022 -16"><span class='ocrx_word' id='word_1_215' title='bbox 330 4159 355 4210; x_wconf 87' lang='lat' dir='ltr'><strong>p.</strong></span> <span class='ocrx_word' id='word_1_216' title='bbox 416 4183 422 4196; x_wconf 89' lang='lat'><em>.</em></span> 
     </span>
    </p>
   </div>
   <div class='ocr_carea' id='block_1_7' title="bbox 0 0 1585 5082">
    <p class='ocr_par' dir='ltr' id='par_1_7' title="bbox 0 0 1585 5082">
     <span class='ocr_line' id='line_1_32' title="bbox 0 0 1585 5082; baseline 0 0"><span class='ocrx_word' id='word_1_217' title='bbox 0 0 1585 5082; x_wconf 95' lang='lat' dir='ltr'><strong> </strong></span> 
     </span>
    </p>
   </div>
  </div>
 </body>
</html>
