3156 5082
226 647 420 712 censuram,
441 648 520 698 curn
540 624 661 696 ardore
674 626 823 715 quodem
847 625 973 696 mentis
992 631 1094 715 atque
1106 625 1236 716 impetu

226 736 395 806 adhibuit.
414 735 500 802 Nam
529 733 722 802 fabularum
739 733 891 823 ipsarum
916 732 952 800 ln
976 729 1121 801 dubium
1140 740 1238 803 vocat

226 844 408 934 originem,
448 861 533 931 quas
562 838 693 910 nedum
712 841 862 929 antiquae
892 839 1069 930 sapientiae
1097 839 1235 921 tribnat,

224 961 321 1022 ’ἀοιδῶν
339 961 487 1026 δυστήνους
506 961 601 1038 λόγους
623 951 630 996 ¹
646 966 723 1016 esse
738 946 906 1028 affirmat;
934 946 1090 1027 deorum,
1117 947 1236 1036 quales

225 1057 270 1126 ab
284 1056 473 1150 Homericis
491 1055 631 1124 fuerunt
645 1053 853 1135 adumbrati,
874 1058 1033 1122 naturam
1044 1059 1235 1143 corruptam

227 1170 328 1253 atque
340 1164 456 1253 inepte
468 1182 487 1232 e
501 1161 628 1230 divinis
640 1159 872 1249 humanisque
884 1161 1066 1230 conflatam
1077 1161 1238 1251 perstrin-

227 1272 277 1361 git
288 1294 297 1350 ;
310 1269 476 1340 audacem
489 1268 533 1338 de
544 1268 705 1337 universa
720 1267 885 1357 religione
902 1267 1151 1338 dubitationem
1164 1267 1238 1357 pbi-

228 1377 491 1468 losophantibus
508 1377 544 1443 in
563 1375 729 1466 tragoedia
743 1375 898 1465 personis
918 1377 965 1444 ita
988 1376 1236 1455 accommodat,

229 1495 267 1556 ut
287 1487 400 1576 operis
428 1486 480 1554 sui
506 1485 602 1576 legas
623 1491 726 1574 atque
745 1484 1033 1554 consuetudinem
1052 1486 1178 1575 saepius
1190 1486 1238 1554 vi·

228 1594 349 1664 deatur
363 1591 518 1662 oblivisci
534 1595 562 1659 ⁸².
578 1593 628 1662 Na
647 1591 777 1660 diutius
791 1591 827 1660 in
843 1596 926 1662 ncta
937 1593 1128 1680 quastione
1143 1613 1238 1661 com·

228 1719 352 1782 morer,
370 1702 426 1768 vix
440 1699 531 1790 apud
547 1701 681 1770 Graecos
702 1698 930 1790 philosophos
945 1709 1139 1790 cooperatos
1153 1699 1237 1770 dao-

228 1827 304 1876 rum
334 1807 534 1897 religionem
554 1826 747 1896 aggressos,
771 1811 973 1894 argumento
990 1805 1051 1874 ulli
1065 1827 1236 1888 occurres,

228 1912 320 2002 quod
334 1933 405 1982 non
429 1913 608 2005 Euripides
632 1913 756 2002 tragice
780 1912 1039 2002 amplificaverit
1062 1920 1096 1982 et
1117 1934 1236 2004 parum

228 2040 318 2110 sape
331 2021 507 2111 eleganter
532 2021 678 2090 heroicis
693 2019 914 2089 sermonibus
928 2021 1110 2090 inseruerit
1127 2027 1153 2092 ³.
1170 2023 1236 2090 lte·

227 2147 294 2217 que
309 2128 555 2218 Aristophanes
577 2129 613 2196 in
632 2127 812 2196 Teleclidis
842 2127 1035 2218 fragmento
1051 2128 1235 2218 tragoedias

228 2235 395 2325 Euripidis
410 2249 645 2327 ωρατηόμφους
663 2235 675 2280 4
694 2237 837 2314 vocarit,
856 2241 892 2304 at
906 2241 1055 2324 poetam,
1068 2235 1182 2324 quoad
1194 2235 1237 2305 de

228 2363 264 2411 re
292 2342 487 2412 obscuriore
509 2342 679 2432 judicium
694 2342 783 2412 ferre
805 2341 896 2422 lieet,
916 2343 951 2410 in
976 2342 1147 2431 prioribus
1165 2343 1237 2410 Nu·

228 2447 329 2516 bibus
343 2449 470 2518 Socrati
488 2449 677 2538 conjunxit,
696 2450 754 2537 qui
769 2448 946 2518 dicebatur
958 2469 1040 2518 enm
1055 2449 1090 2517 in
1111 2449 1237 2520 fabulis

228 2554 419 2624 scribendis
446 2553 608 2645 adjuvare
625 2561 651 2623 ⁵.
684 2555 795 2624 Ambo
826 2555 906 2623 huic
936 2575 1035 2624 novae
1064 2557 1239 2646 sapientire

228 2661 295 2750 legi
323 2659 448 2730 addicti
469 2661 578 2731 fuisse
609 2661 793 2731 videntur:
824 2663 914 2742 μηδένι
928 2663 997 2742 ἄλλῳ
1017 2669 1150 2726 πείθεσθαι
1169 2668 1184 2729 rt
1204 2677 1240 2746 τῷ

228 2777 294 2853 λόγῳ
310 2771 336 2848 ⁶,
348 2773 492 2859 etsupra
506 2776 700 2838 commenta
711 2770 901 2858 antiquitus
912 2769 1043 2851 tradita,
1054 2772 1240 2842 collocasse

229 2872 322 2961 quod
335 2874 543 2943 aelementis
555 2894 676 2943 verum
697 2895 905 2965 aequnmqua
920 2893 998 2945 esse
1009 2879 1212 2968 agnoverint
1229 2905 1236 2948 :

228 2991 391 3069 rpo'rrcclcri
406 2994 527 3072 χρηστὸς
543 2994 827 3072 ircpoeis'mpcrrdpoo
853 2985 879 3050 ⁷.
901 2983 998 3062 Quod
1022 2983 1065 3052 ad
1089 2985 1239 3056 (160886-

228 3087 461 3176 ligionemque
490 3095 644 3158 veterum
669 3090 802 3170 attinet,
824 3110 953 3173 noane,
981 3090 1165 3180 plaudente
1177 3095 1238 3162 So-

228 3201 330 3278 crata,
352 3195 579 3286 Bellerophon
593 3195 652 3266 ille
666 3196 701 3265 in
724 3201 806 3264 Pcco
825 3203 895 3268 tam
918 3197 1025 3266 laceta
1048 3198 1239 3270 imitatione

229 3300 453 3384 deformatus,
471 3303 674 3373 exclamavit
688 3304 724 3372 in
741 3323 844 3373 scena
867 3309 895 3372 ³:
1000 3385 1004 3392 ¹

258 3533 269 3568 ¹
287 3531 386 3583 narrat.
401 3532 467 3596 plan,
482 3537 549 3586 8888.

258 3611 270 3646 ¹
287 3614 343 3663 vid.
353 3614 382 3662 iu
393 3615 483 3675 primis
496 3615 614 3680 Hemlip.
623 3615 721 3680 patto„
736 3619 827 3681 bagm.
842 3619 896 3670 888.

259 3693 271 3729 ³
288 3695 324 3743 (tl.
340 3695 481 3754 Naaman„
496 3709 537 3756 op.
552 3698 605 3756 cit..
621 3699 682 3756 Vlll,
699 3702 712 3746 8
727 3703 815 3759 etseq.

258 3773 271 3809 ⁴
286 3774 408 3824 detractio
421 3777 566 3836 summ,
580 3776 684 3840 Μαι.
700 3777 734 3826 cd
747 3779 823 3838 Not..
835 3781 901 3830 xlx.

258 3853 270 3890 ⁸
286 3856 421 3912 marus,
435 3855 539 3920 mter.
555 3857 678 3916 adllob„
694 3862 731 3908 la.
747 3861 783 3910 (X.
798 3863 867 3910 bron.
882 3863 972 3925 lam,
989 3864 1019 3921 ll,
1033 3865 1071 3912 18.
1088 3863 1115 3914 0.
1129 3863 1239 3920 arun,

227 3949 268 3994 op.
283 3937 338 3994 ait,
350 3937 380 3993 11,
393 3935 448 3986 ldd.

257 4013 270 4047 ⁸
285 4017 370 4071 Pur..
386 4013 455 4076 Apol.

257 4093 267 4130 ⁷
287 4098 385 4152 bearn,
402 4095 502 4156 Pir-db,
514 4096 594 4160 faro,
612 4102 665 4148 888.

258 4173 269 4208 ⁸
288 4177 334 4234 ln..
349 4174 493 4238 Belloroplr„
507 4175 611 4240 (rm,
625 4182 679 4230 888.
