3156 5082
754 459 913 516 ..120-

329 587 418 657 vidae
448 586 496 654 illi
525 591 560 654 et
584 584 774 675 splendidae
801 585 924 652 veteris
956 583 1146 672 disciplinae
1175 584 1337 674 imagini,

329 696 584 784 subjunguntur
613 692 722 772 Pelei,
752 691 908 760 Herculis
930 692 1091 779 Jovisque
1113 693 1276 774 uomina,
1304 699 1340 760 ut

329 822 431 871 nemo
459 800 492 867 in
518 798 676 877 theatro,
702 799 877 866 archatcos
897 817 1010 865 mores
1036 796 1249 876 admirando,
1269 818 1340 865 non

330 908 411 978 velit
436 907 471 974 in
493 906 684 974 ercha'r'cam
701 904 807 972 fidem
829 903 933 972 verba
946 902 1003 971 illa
1017 903 1191 974 Inferioris
1207 925 1339 973 sermo-

330 1014 384 1084 nis
401 1015 528 1104 jectare
547 1016 580 1079 ¹:

470 1211 578 1300 Ᾰρχοιιά
595 1243 622 1298 γε
637 1223 682 1278 καὶ
696 1217 842 1281 Διπολιώδη
857 1222 902 1276 καὶ
916 1222 1036 1295 τεττίγων
1053 1221 1189 1298 ἀνάμεστα

470 1323 520 1376 Καὶ
535 1317 656 1382 Κηκείδου
669 1321 715 1376 καὶ
726 1319 877 1396 pauperior.

375 1551 407 1617 Si
427 1555 465 1617 ut
476 1548 665 1637 disciplinae
679 1547 803 1616 veteris
817 1548 864 1614 ita
882 1552 916 1615 et
931 1545 1106 1634 religionis
1122 1546 1236 1615 studio
1248 1568 1340 1615 com-

233 1663 235 1666 ’
330 1663 445 1724 motus
459 1655 581 1724 fuisset
595 1654 854 1743 Aristophanes,
871 1673 941 1720 non
953 1659 1066 1742 potest
1078 1653 1238 1735 dubitari,
1256 1655 1338 1742 quin

332 1763 434 1831 Meliti
455 1761 728 1830 criminationem
745 1781 786 1829 ex
806 1761 973 1848 corruptis
993 1762 1162 1849 juvenum
1188 1762 1342 1830 moribus

330 1871 476 1958 petitum
487 1870 521 1935 in
539 1889 664 1936 novam
686 1867 837 1934 fabulam
857 1867 1079 1947 assumendo,
1096 1879 1241 1958 δαιμονίοις
1255 1889 1341 1956 quo-

330 1995 511 2063 quamam
527 1975 690 2062 majorem
711 1980 802 2042 esset
825 1973 938 2040 iocum
962 1973 1114 2042 daturus.
1132 1975 1229 2053 Quod
1259 1977 1340 2063 quia

328 2081 426 2149 aliter
439 2081 565 2147 factum
582 2085 644 2158 est,
668 2081 750 2146 satis
767 2099 826 2168 per
841 2099 878 2147 se
891 2079 1051 2161 declarat,
1065 2082 1336 2171 Aristophanem

331 2186 483 2254 noluisse
513 2187 548 2252 in
571 2186 856 2275 philosophorum
880 2186 1092 2274 impietatem
1117 2188 1282 2282 grassari;
1308 2195 1343 2256 et

332 2293 452 2362 eodem
482 2313 549 2381 quo
571 2292 767 2382 Euripidem
790 2312 973 2382 aggressus
1002 2301 1054 2361 est
1077 2293 1193 2375 modo,
1217 2293 1343 2362 abillis

332 2405 465 2466 tantum
489 2400 678 2466 immutatae
698 2398 889 2488 disciptinae
906 2405 939 2467 et
962 2400 997 2465 in
1014 2401 1110 2489 pejus
1134 2401 1265 2468 ruentis
1291 2421 1341 2469 ra-

334 2505 461 2573 tionem
482 2511 636 2594 repetere
662 2506 839 2592 quaesiisse
859 2530 865 2571 :
885 2505 927 2572 de
943 2505 1008 2572 diis
1025 2506 1130 2594 igitur
1153 2506 1264 2574 aliena
1278 2508 1343 2575 do-

334 2616 450 2678 centes
466 2610 624 2678 absolvit.
647 2613 765 2698 Neque
780 2611 918 2678 obstant
932 2631 1052 2680 versus
1064 2633 1151 2699 quos
1166 2613 1232 2680 suh
1249 2615 1343 2682 exitu

332 2717 472 2795 chorus,
491 2716 621 2806 abjecta
641 2737 702 2784 sua
726 2735 883 2804 persona,
906 2717 1039 2784 tumido
1056 2737 1114 2785 ore
1133 2724 1167 2786 et
1184 2721 1343 2808 graviore

333 2842 459 2890 sonans
473 2823 597 2892 Omittit
614 2827 628 2870 ²
645 2847 651 2890 :
668 2825 750 2912 ἡμεῖς
763 2842 885 2914 ποιοῦμεν
899 2833 974 2894 ταῦθ’
992 2838 1125 2909 ἑκάστοτε,
1140 2861 1166 2896 κ.
1181 2859 1207 2895 τ.
1225 2840 1248 2896 λ.

570 3015 647 3094 ὅπως
660 3027 692 3087 ἂν
709 3029 762 3107 εἰδῇ
778 3033 839 3094 τοὺς
852 3034 923 3094 θεοὺς
937 3029 1087 3089 δεδοικέναι.

376 3267 524 3342 Quosne
544 3268 632 3335 serio
652 3267 797 3333 nimium
816 3269 1080 3356 interpretemur
1104 3279 1235 3351 monet,
1259 3293 1342 3362 prae-

332 3376 383 3438 ter
416 3376 561 3438 irrueram
584 3393 775 3459 personam,
801 3373 885 3440 illud
906 3375 1033 3442 comice
1054 3378 1195 3446 omnino
1213 3380 1248 3446 in
1273 3384 1341 3447 Ver-

328 3481 383 3562 ptr
398 3497 417 3544 a
434 3478 537 3545 choro
554 3479 589 3544 in
604 3478 829 3566 Bdoiycleona
842 3483 1006 3570 jactatum
1027 3485 1040 3528 3
1066 3510 1072 3552 :

498 3673 533 3742 ἵν’
551 3686 605 3764 εἰδῇ
622 3695 656 3764 μή
672 3699 764 3746 πατεῖν
781 3693 814 3746 τοὶ
830 3700 891 3749 ταῖν
907 3697 982 3749 θτοιῖν
998 3694 1168 3771 ψηφίσματα.

361 3947 370 3981 ¹
388 3949 460 4010 Nola,
475 3951 528 3998 984.

362 4025 374 4060 ²
391 4028 466 4086 reid„
484 4030 551 4079 rior.

361 4106 373 4140 ³
395 4109 469 4170 resp„
486 4113 540 4159 376.
