3114 5088
654 501 795 556 -Μ-

260 625 322 704 Qui
335 625 438 694 luerit
452 623 582 693 Sabanii
592 623 686 692 illius
700 625 814 693 cultus
826 628 861 692 et
874 645 935 692 cur
950 624 1048 693 illum
1062 644 1081 693 c
1096 625 1233 694 civitate

211 734 415 826 pellendum
440 735 613 806 censuerit
632 734 881 824 Aristophanes
902 754 944 802 ex
959 753 1061 802 versu
1077 734 1136 802 illo
1160 737 1231 802 Vos-

212 865 342 929 parom
366 848 480 932 potest
503 842 629 932 colligi,
656 863 726 931 quo
750 842 917 912 Xanthias
933 841 1152 930 compellanti
1170 843 1231 910 So-

214 953 304 1020 sium
322 957 356 1019 et
379 951 592 1040 percontanti
616 969 700 1018 num
729 950 963 1038 Corybantum
993 968 1090 1018 more
1117 949 1231 1020 furere

215 1059 367 1148 incipiat,
386 1056 613 1148 respondetur
631 1062 640 1106 ¹
660 1083 666 1126 :

416 1253 482 1331 Οὔκ,
503 1255 560 1316 ἀλλ’
576 1259 658 1323 ὕπνος
672 1255 700 1338 μ’
715 1256 773 1335 ἔχοι
786 1279 827 1323 τις
839 1261 866 1316 ia
880 1261 1023 1326 Σαὸαζίου.

261 1479 634 1566 Commemorantnr,ni
645 1478 757 1560 fallor,
769 1479 1081 1568 bacchicaorgiaex
1091 1476 1232 1546 Thracia

215 1587 431 1675 Phrygiaque
445 1586 591 1656 Athenis
604 1587 749 1666 invecta,
766 1608 842 1674 quae
852 1607 928 1654 mos
944 1593 1015 1655 erat
1027 1586 1117 1654 inter
1129 1585 1233 1674 tripu·

214 1693 283 1773 dia,
296 1699 330 1761 et
341 1698 440 1761 noete
450 1693 598 1774 favente,
610 1695 826 1782 turpissimas
842 1695 1036 1783 voluptates
1047 1691 1228 1761 celebrare.

213 1799 392 1878 Quomodo
403 1799 1232 1879 cultumillum,bonismoribusadversum,Aris·

215 1906 384 1995 tophanes
396 1926 457 1996 pro
470 1907 572 1975 castis
583 1917 717 1996 patrum
733 1907 887 1975 moribus
898 1913 932 1974 et
945 1905 1091 1995 simplici
1106 1906 1231 1994 pietate

214 2033 447 2104 propugnans,
467 2014 682 2084 infamaverit
704 2021 738 2084 et
762 2016 922 2084 Minervae
943 2034 1044 2104 opera
1060 2013 1230 2102 proscrip-

214 2120 309 2200 serit,
324 2141 394 2188 non
411 2121 494 2189 satis
509 2121 630 2190 elucet.
654 2123 793 2190 Materia
804 2123 879 2213 ipsa
894 2122 1024 2192 comica
1042 2127 1229 2188 consuetu-

215 2227 296 2296 dine
317 2226 454 2298 videtur
475 2227 671 2310 abhorrere,
700 2230 735 2298 ni
770 2235 984 2320 compertum
1009 2228 1226 2307 haberemus,

214 2335 270 2403 rel
291 2336 495 2424 gravissimo
518 2344 721 2426 argumento
737 2357 796 2426 par
820 2358 896 2406 esse
917 2334 1157 2424 Aristophanis
1173 2334 1227 2399 in-

214 2442 366 2531 genium.

259 2549 295 2615 ln
332 2554 455 2616 Avium
474 2549 654 2620 fabula'de
673 2572 741 2641 qua
760 2551 858 2641 plura
882 2552 970 2620 infra
997 2551 1223 2628 disserentur,

215 2656 374 2724 barbaros
387 2677 508 2726 omnes
521 2657 604 2728 deos
617 2659 787 2728 notandos
800 2665 834 2728 et
846 2657 1063 2728 infamandos
1078 2657 1222 2736 curavit,

215 2763 280 2830 sub
296 2763 521 2834 Triballorum
538 2767 692 2844 nomine,
710 2766 803 2855 quod
823 2766 967 2836 Athenis
982 2766 1133 2855 patriciis
1150 2765 1226 2832 bel-

213 2870 376 2940 luonibus
405 2871 476 2939 ilari
505 2872 648 2947 solebat.
680 2875 811 2942 Horum
841 2895 931 2942 unus
958 2894 1036 2942 curn
1065 2875 1225 2960 Neptuno

214 2983 315 3064 atque
338 2978 483 3046 Hercule
508 2978 641 3068 legatus
665 2980 923 3048 Nubicuculiam
948 2981 1075 3048 missus
1099 2985 1153 3048 est
1183 2979 1225 3048 ab

214 3082 378 3174 Olympiis
396 3091 409 3135 ²
426 3109 432 3152 :
453 3111 469 3148 «
484 3086 575 3156 Sicut
588 3086 671 3156 olim
684 3086 843 3156 homines
857 3092 976 3164 tetros,
991 3088 1222 3176 importunos,

215 3194 438 3276 truculentos,
453 3201 627 3264 Panda-ms
642 3197 754 3266 dicere
764 3196 922 3266 solebant
934 3203 969 3264 et
985 3200 1117 3276 Torcos,
1133 3196 1226 3264 simi·

214 3301 291 3371 liter
303 3303 383 3372 illos
398 3304 569 3374 seroculos
591 3307 843 3396 (Athenienses)
862 3312 1001 3398 propter
1015 3324 1129 3374 mores
1145 3323 1223 3371 vas-

217 3413 268 3476 tos
287 3415 320 3478 et
347 3411 542 3481 inconditos
560 3433 580 3480 a
596 3413 751 3482 Triballis
766 3414 1006 3482 denominatos
1017 3433 1106 3494 esse,
1121 3417 1223 3500 gente

216 3515 401 3586 serissima:
419 3532 577 3598 Οὓςποὶντος
586 3536 665 3610 φασὶν
679 3535 826 3594 ἀπολλύναι
838 3537 868 3592 οὐ
883 3534 962 3612 μόνον
976 3536 1038 3597 τοὺς
1052 3531 1165 3610 ὁμόρους
1179 3533 1225 3590 καὶ

214 3637 274 3698 τοὺς
282 3637 394 3699 πλησίον
403 3641 549 3712 οἰκοῦντας,
561 3642 682 3700 ἀλλὰκαὶ
692 3645 754 3707 τοὺς
764 3640 936 3708 ἅλλουςὸσων
949 3640 980 3700 ἂν
992 3643 1120 3718 aalma
1129 3638 1226 3698 δύνων·

215 3759 257 3798 ται
274 3743 297 3802 ³.
321 3767 331 3794 »
358 3733 582 3804 Triballorum
595 3756 721 3806 nomen
745 3757 804 3828 per
826 3747 964 3830 παρῳδίον
977 3736 1225 3831 Aristophanes

242 4015 249 4048 ¹
281 4017 407 4078 Verp.,10.

243 4093 323 4154 Ἀυ..
341 4103 400 4148 1565
416 4105 439 4150 el
450 4115 500 4162 seq.

242 4175 342 4234 ³1soc..
360 4183 458 4244 Peneo,
474 4197 496 4234 c.
510 4187 549 4234 89.
565 4186 601 4240 Gt·
619 4187 722 4239 boacca
741 4186 869 4247 lolacpt,
886 4193 955 4245 toti.
