3156 5082
662 533 822 590 -ttn-

234 660 488 753 amplissimum
507 658 660 747 assignat
680 660 841 739 Molitus;
860 659 1110 749 Aristophanes
1123 683 1163 731 ex
1178 683 1249 733 oor·

235 769 344 857 ruptis
359 764 635 834 adolescentibus
662 784 756 833 orma
776 765 847 834 tere
870 769 987 834 omnia
1016 768 1051 835 in
1075 769 1247 840 Socratem

236 879 411 942 mutuatus
431 876 495 940 est.
511 872 658 938 Deorum
674 872 787 960 ipsum
807 891 923 938 curam
943 873 977 940 in
994 874 1163 964 prioribus
1180 881 1248 944 Nu-

235 986 327 1048 blbos
341 999 412 1069 prae
425 998 463 1046 se
475 978 596 1045 tulisse
612 977 729 1065 liquet,
743 997 818 1047 eam
832 983 947 1046 tamen
963 1001 1040 1068 quae
1051 982 1087 1048 in
1108 982 1246 1072 Olympi

234 1085 376 1155 archelai
394 1084 631 1154 defensionem
656 1085 771 1172 inepta
798 1105 938 1175 prorsus
953 1093 1154 1176 argumenta
1173 1094 1247 1157 sto-

235 1192 304 1261 lido
318 1193 392 1261 viro
406 1190 614 1270 commodet,
632 1211 739 1278 quum
764 1197 883 1258 contra
903 1192 970 1259 tela
993 1194 1028 1260 in
1049 1195 1169 1263 Jovem
1185 1197 1245 1264 So-

235 1301 334 1368 cratis
357 1297 487 1365 vibrata
512 1316 616 1364 manu
640 1297 695 1365 vix
720 1297 915 1386 detorqueri
948 1317 1048 1388 posse
1064 1299 1242 1380 'videntum

235 1423 350 1493 neque
369 1423 408 1471 ea
437 1408 533 1471 crunt
553 1424 630 1492 qnae
654 1403 788 1471 animos
811 1403 1073 1474 Atheniensium
1089 1407 1246 1496 religiosa

234 1510 381 1600 quadam
401 1508 632 1578 sollicitudine
647 1515 826 1598 tangerent
845 1515 869 1578 ¹.
895 1512 975 1589 Quis
1003 1513 1109 1580 risum
1129 1519 1246 1583 tenere

233 1617 355 1697 valeat,
368 1617 445 1704 quis
459 1636 529 1683 non
539 1616 630 1684 Jovis
641 1615 908 1685 imbecillitatem
920 1639 999 1686 cum
1014 1619 1149 1688 Socrate
1164 1619 1246 1688 velit

232 1723 327 1792 flocci
343 1723 463 1801 iacere,
483 1721 637 1790 doctrina
656 1723 713 1788 illa
739 1721 782 1790 de
794 1722 941 1790 tonitrus
961 1731 995 1791 et
1010 1723 1165 1792 fulminis
1181 1726 1244 1792 ori-

232 1831 311 1920 gine
325 1829 451 1909 andiu,
473 1849 550 1918 quae
571 1829 666 1897 velut
695 1829 833 1917 ancipiti
866 1828 980 1918 gladio
1006 1831 1041 1896 in
1063 1831 1242 1918 mytholo-

232 1938 322 2027 giam
339 1936 442 2003 simui
469 1941 571 2023 atque
592 1935 812 2024 physicorum
842 1936 1022 2004 scientiam
1044 1941 1243 2024 grassatur?

234 2043 425 2112 Praesertim
452 2062 558 2130 quum
588 2041 751 2130 populare
773 2039 858 2108 illud
880 2041 1041 2130 placitum
1075 2063 1155 2132 quo¹
1170 2063 1242 2132 per·

228 2152 297 2240 juri
319 2150 413 2218 Jovis
435 2148 504 2217 telo
514 2148 607 2217 feriri
634 2147 843 2228 ferebantur,
862 2155 931 2216 tam
950 2148 1064 2238 lepide
1088 2151 1242 2219 Socrates

232 2262 406 2346 retorquet
421 2260 448 2324 ².

275 2362 412 2432 Fabulae
425 2368 544 2452 postea
562 2360 776 2430 retractando
802 2360 1027 2450 propositum,
1059 2381 1098 2430 ea
1125 2367 1242 2431 mente

232 2476 270 2536 nt
282 2470 424 2538 crimina
436 2470 470 2537 in
482 2469 594 2558 priore
603 2467 876 2558 prolataurgeret
886 2473 920 2536 et
933 2467 1143 2549 incenderet,
1156 2489 1240 2537 num

231 2577 371 2665 quidex
390 2577 445 2644 his
457 2575 704 2666 Aristophanes
723 2575 880 2654 mutavit,
893 2575 1027 2644 exacuit
1041 2583 1099 2643 ant
1116 2576 1239 2665 ampli-

232 2683 345 2751 ficavit
360 2682 445 2761 lOui
459 2686 576 2750 contra
589 2680 785 2770 praeolaram
802 2680 897 2748 illam
912 2681 1089 2770 utriusque
1108 2701 1240 2750 sermo-

232 2790 286 2856 nis
304 2789 558 2858 alteroationem
575 2788 621 2856 ita
637 2789 842 2878 composuit,
864 2795 913 2856 ut·
932 2791 1120 2872 Inferioris,
1138 2786 1241 2856 idest

233 2895 458 2984 philosophiae
472 2901 506 2963 et
517 2894 714 2984 sophisticae
729 2893 991 2963 concluderetur
1001 2894 1141 2963 victoria
1158 2899 1184 2973 ³,
1204 2901 1241 2963 ut

233 3005 408 3086 ¹t'uporc'orc'
423 3003 550 3091 optima
565 2999 705 3088 quidem
718 3000 761 3068 de
782 3000 931 3088 antiquis
955 3001 1110 3069 moribus
1138 3001 1240 3070 verbe

232 3108 395 3177 tribueret
410 3109 436 3189 ⁴,
456 3107 596 3176 ridicula
607 3113 724 3176 contra
737 3113 771 3175 et
785 3108 927 3175 omnino
943 3106 1122 3176 delirantis
1137 3107 1180 3175 de
1191 3127 1240 3176 re-

230 3213 361 3302 ligiosis
380 3213 567 3304 disciplinis
585 3238 593 3294 ;
608 3217 755 3298 Inferior
780 3233 894 3282 sermo
923 3214 1240 3304 impudentissimas

230 3322 401 3390 emitteret
434 3321 622 3390 sententias
658 3341 735 3408 qnae
764 3319 905 3390 demum
940 3319 1056 3391 divina
1089 3319 1238 3410 quadam

230 3426 496 3516 comprobentur
518 3428 719 3496 auctoritate
736 3432 761 3496 ⁵.
783 3429 904 3496 Nonne
925 3426 969 3496 de
994 3427 1162 3497 industria
1187 3429 1237 3496 vi-

259 3639 269 3674 ¹
289 3639 364 3696 Not,
376 3641 420 3687 365
435 3641 458 3686 al
467 3651 518 3698 seq,
530 3640 625 3696 Rom,
638 3640 738 3688 nimius·
744 3640 852 3700 religiosi
866 3639 974 3688 Nadium
988 3639 1106 3700 propositi
1118 3641 1241 3697 laudator,

230 3721 352 3768 comicum
371 3719 399 3766 in
418 3719 584 3780 sophistarum
599 3723 680 3766 cestra
695 3721 812 3768 transisse
826 3720 946 3768 concedit.
967 3721 1042 3768 Arist.
1057 3721 1119 3778 olto,
1135 3720 1147 3783 ἕ
1163 3722 1186 3768 7.
1202 3720 1239 3769 Cf.

230 3801 337 3857 dimon,
348 3802 384 3846 La
394 3795 500 3860 llcls'qton
511 3797 708 3860 d’drr'ctophooe.
720 3801 795 3848 flacce
806 3800 847 3848 dc
857 3800 1044 3856 massonae,
1058 3805 1093 3849 1·²
1102 3801 1160 3849 aodt
1173 3803 1241 3857 1878,

182 3903 190 3918 e
230 3893 255 3940 p.
272 3883 326 3928 605.

259 3956 272 3991 ·
287 3958 363 4016 Nor„
377 3961 422 4006 css
437 3961 460 4006 u
474 3970 525 4018 sal.

259 4033 271 4069 ³
286 4036 362 4094 mid„
380 4039 447 4084 troc.

260 4113 272 4151 ⁴
289 4116 362 4177 rora,
380 4119 440 4165 roor
454 4119 477 4164 et
488 4129 551 4176 seq„
567 4119 625 4166 roso
640 4120 664 4164 u
677 4128 729 4178 seq.

261 4194 274 4230 ⁸
289 4196 365 4254 rota..
381 4199 449 4247 1000.
