3156 5082
626 533 784 589 -121-

248 661 340 729 Licet
350 659 393 728 de
409 657 475 726 diis
492 657 585 726 haud
603 659 711 728 semel
732 659 767 726 in
788 677 890 727 scena
909 657 978 739 illa,
996 677 1072 746 quaa
1092 655 1212 746 priori-

203 769 267 835 bus
279 767 435 835 Nubibus
448 765 575 845 aberet,
605 767 734 833 mentio
757 764 887 833 incidat
910 770 944 831 et
958 763 1073 832 fabula
1093 784 1213 853 parum

203 875 447 943 convenienter
462 873 645 960 impiorum
662 873 864 941 terminetur
887 871 1067 961 supplicio
1085 872 1214 939 Aristo-

205 982 347 1071 phanes,
366 978 715 1068 comoediaeegressus
741 979 868 1046 finibus
892 983 994 1066 atque
1017 999 1115 1057 sono,
1141 978 1213 1046 viro

204 1086 338 1156 cuidam
365 1086 501 1155 videtur
527 1086 649 1154 similis
680 1087 738 1175 qui
758 1086 929 1174 repulsam
965 1104 1086 1173 passus
1120 1091 1155 1152 et
1179 1084 1215 1152 in

205 1215 306 1284 opere
321 1193 474 1262 alacriter
489 1198 649 1281 suscepto
666 1213 787 1282 parum
804 1193 897 1275 felix,
916 1190 980 1259 sibi
1002 1191 1105 1258 simul
1122 1191 1214 1260 aliis-

206 1321 273 1390 que
287 1303 450 1369 irascatur
463 1307 496 1368 et
512 1301 641 1389 impetu
654 1298 803 1388 quodam
821 1299 927 1365 nimio
944 1317 1140 1387 expugnare
1159 1318 1214 1366 ve-

205 1407 245 1476 lit
258 1401 351 1496 'quod
368 1406 524 1494 aequabili
539 1407 594 1474 via
609 1427 679 1474 non
692 1405 803 1495 potuit
823 1406 1002 1494 attingere.

250 1513 338 1581 lllud
354 1520 506 1582 ceterum
530 1510 873 1580 animadvertendum
899 1512 973 1592 erit,
995 1509 1147 1578 fabulam
1173 1511 1216 1577 il-

205 1622 286 1702 lam,
304 1639 344 1689 eo
358 1620 499 1688 consilio
515 1625 729 1688 retractatam
746 1624 783 1686 ut
807 1618 922 1708 populi
949 1637 1067 1685 rursus
1084 1617 1213 1707 judicio

207 1727 475 1806 submitteretur,
510 1746 688 1815 nunquam
720 1745 831 1794 scenae
867 1725 973 1793 fuisse
1005 1726 1212 1792 restitutam.

207 1836 311 1912 Quam
328 1840 425 1922 poeta
438 1834 672 1923 imperfectam
687 1852 750 1901 nec
763 1832 845 1900 satis
860 1832 1090 1900 cohaerentem
1102 1831 1147 1897 ita
1158 1848 1216 1898 66-

206 1943 323 2031 glexit,
343 1949 380 2008 ut
395 1941 512 2010 sedata
525 1941 725 2020 offensione,
753 1959 856 2028 quam
872 1959 913 2007 ex
938 1938 1055 2027 populi
1079 1942 1215 2006 contra-

207 2049 390 2138 riojudiclo
404 2055 610 2139 perceperat,
629 2069 698 2116 non
727 2055 858 2116 tantum
874 2051 1020 2114 Notium
1041 2047 1215 2115 fortunam

206 2155 356 2244 vulgaris
372 2175 462 2222 aurae
475 2175 544 2223 non
559 2155 771 2245 permitteret
792 2155 1043 2235 inconstantiae,
1062 2153 1123 2222 sed
1139 2173 1217 2221 cau·

207 2280 281 2328 sam
296 2261 417 2350 ipsam,
440 2282 543 2349 quem
557 2263 592 2328 in
608 2261 723 2329 fabula
736 2262 794 2329 illa
816 2267 1023 2350 susceperat,
1043 2261 1217 2329 videretur

119 2355 124 2368 ’
207 2367 378 2436 deserere.
396 2370 556 2436 Attamen
570 2369 604 2435 in
630 2367 703 2436 dies
718 2368 828 2458 magis
854 2376 956 2456 atque
975 2368 1085 2456 magis
1100 2367 1218 2456 glisce-

208 2475 265 2543 bat
283 2495 419 2544 morum
435 2475 638 2564 corruptela,
662 2477 716 2543 cui
733 2477 883 2565 primum
909 2475 1045 2543 obviam
1061 2474 1215 2542 eundum
1280 2490 1282 2496 ’

208 2601 284 2651 esse
295 2589 473 2651 censuerat
489 2581 737 2671 Aristophanes
751 2605 760 2662 ;
774 2582 957 2650 Alcibiadis
968 2583 1168 2650 auctoritate
1182 2582 1218 2647 in

208 2688 379 2778 republica
408 2689 626 2778 praevalente,
645 2709 715 2756 non
744 2689 887 2757 deerant
920 2693 1121 2779 argumenta
1143 2707 1219 2776 quae

207 2795 331 2863 fabulae
345 2796 519 2884 proposito
543 2796 706 2864 novitatis
732 2795 899 2883 quasdam
920 2796 1125 2886 adjecissent
1144 2794 1219 2862 ille-

207 2901 337 2980 cebrae,
357 2902 527 2988 siquidem
544 2902 764 2970 doctissimus
784 2903 837 2970 vir
848 2902 1060 2991 Phidippidis
1074 2920 1219 2990 persone

207 3007 415 3076 Alcibiadem
426 3009 539 3098 ipsum
552 3010 782 3099 significatum
803 3029 891 3087 esse,
916 3009 1073 3096 quamvis
1100 3026 1219 3097 parum

208 3121 297 3204 apte,
316 3116 807 3204 aggressusestdemonstrare
828 3120 851 3184 ¹.
865 3114 1217 3204 Supprcssitiabulam

208 3221 453 3309 Aristophanes
469 3228 561 3291 etex
577 3229 809 3312 magna-parte
828 3223 1052 3290 instauratam
1065 3222 1153 3288 inter
1163 3217 1219 3286 ob·

209 3329 353 3396 saletam
368 3329 547 3398 collocavit
561 3329 834 3419 supellectilem:
858 3349 960 3418 quam
987 3328 1031 3397 ob
1051 3329 1219 3396 rationem

209 3434 273 3503 nisi
289 3432 381 3522 quod
402 3453 443 3502 eo
459 3435 532 3523 ipso
548 3442 703 3525 tempore
716 3437 759 3506 de
781 3436 1010 3526 pbilosophis,
1026 3434 1069 3504 de
1083 3437 1220 3503 Socrate

209 3541 411 3630 praesertim,
450 3541 634 3628 aequiorem
664 3544 953 3612 existimationem
974 3543 1116 3610 edoctus
1144 3549 1218 3621 est;

208 3647 286 3734 quia
301 3652 380 3735 post
395 3651 540 3714 Notiora
562 3650 861 3734 calamitatem,‚in
886 3648 1013 3737 quibus
1041 3668 1221 3738 argumen-

210 3761 282 3821 tum
294 3773 398 3841 quam
415 3754 553 3844 ignotus
566 3755 669 3824 inerit
684 3757 837 3826 Socrates
855 3757 997 3835 comico,
1012 3755 1093 3822 satis
1110 3761 1223 3823 osten·

209 3859 271 3941 dit,
288 3861 363 3950 ipso
380 3860 504 3929 fabular
517 3862 644 3932 infelici
661 3871 786 3933 eventu
802 3862 846 3930 ad
858 3861 1103 3931 Socraticorum
1120 3860 1221 3928 fami-

210 3965 390 4034 liaritatem
419 3967 562 4036 allectus
598 3973 671 4037 est?
701 3971 791 4046 Quos
825 3988 895 4037 non
929 3968 1038 4058 potuit
1080 3967 1220 4058 propius

239 4197 248 4236 ¹
265 4200 389 4258 Suram,
407 4199 468 4250 Uber
480 4202 556 4250 Arist.
575 4198 679 4257 woltra,
693 4215 718 4263 p.
735 4204 764 4249 56
776 4205 800 4249 et
812 4213 863 4264 seq.
