3114 5088
205 629 342 721 evagari
368 635 527 699 tentaret.
547 631 650 700 Paulo
672 637 750 720 post
772 629 913 700 Hesiodi
938 635 1107 722 tempora,
1133 631 1221 701 inter

205 738 425 808 audaciorem
439 759 554 807 rerum
572 737 827 829 indagationem
843 737 1059 828 priscamque
1075 739 1110 805 in
1127 740 1235 806 inve--

206 844 342 914 niendis
371 845 651 934 illustrandisque
687 845 888 914 numinibus
917 845 1215 926 consuetudinem,

205 953 759 1043 contentionisdeprehenduntur
774 953 871 1042 signa
893 951 1064 1040 quaedam,
1093 958 1128 1022 et
1150 974 1220 1022 non

207 1061 323 1152 ampla
342 1059 482 1150 quidem
504 1060 565 1128 sed
585 1060 728 1128 illustria
744 1065 971 1128 monumenta
997 1066 1132 1127 exstant
1146 1060 1220 1149 phi-

208 1168 399 1258 losophiae,
425 1165 618 1236 fabularum
652 1168 873 1236 detractantis
897 1167 1155 1246 auctoritatem,
1187 1175 1221 1234 et

206 1276 251 1344 ad
270 1275 413 1344 liberam
435 1275 612 1344 scientiam
632 1276 847 1346 sollicitantis
875 1276 1021 1343 animos.
1051 1273 1116 1343 Sed
1141 1275 1221 1363 quia

207 1405 250 1454 ex
282 1383 450 1472 religiosis
476 1381 602 1450 tabulis
626 1384 696 1452 vita
727 1382 910 1473 pendebat,
944 1381 1098 1451 futurum
1134 1388 1218 1461 erat,

208 1509 376 1560 concussa
412 1488 605 1558 fabularum
639 1491 872 1570 auctoritate,¹
893 1495 931 1559 ut
969 1489 1085 1558 omnia
1118 1488 1222 1557 simul
1320 1539 1323 1548 ,

209 1605 332 1667 nutare
352 1598 431 1666 etin
448 1597 632 1667 discrimen
653 1598 764 1667 vocari
780 1597 982 1667 'viderentur
1000 1596 1132 1686 :leges
1152 1597 1221 1687 pri·

207 1727 304 1774 mum
318 1710 352 1775 et
372 1704 549 1796 disciplina
564 1706 752 1784 civitatum,
771 1726 848 1794 quac
860 1705 907 1773 ita
925 1711 1079 1774 veterum
1094 1705 1219 1773 coales-

207 1813 306 1882 rebat
314 1813 459 1904 placitis
471 1819 508 1880 nt
530 1811 688 1882 eamdem
707 1812 882 1881 fortunam
905 1818 1074 1881 secuturae
1091 1817 1218 1880 essent.

208 1922 278 1991 Nec
308 1919 404 2002 deos,
422 1921 599 1988 concussis
628 1919 795 2000 moribus,
830 1940 893 1989 nee
926 1939 1052 1999 mores,
1076 1918 1221 1987 infracto

208 2029 351 2098 deorum
366 2034 536 2118 respectu,
554 2028 676 2098 eodem
689 2033 780 2096 stare
793 2028 869 2096 loco
888 2027 1016 2095 diutius
1028 2026 1081 2094 las
1100 2033 1185 2094 erat.

254 2137 353 2204 Dario
383 2141 497 2203 tamen
531 2142 633 2222 atque
651 2137 762 2204 Xerxe
777 2134 1020 2204 invadentibus
1039 2134 1229 2213 Graeciam:

209 2244 273 2314 etsi
298 2245 369 2333 jam
412 2245 536 2332 ingens
570 2242 788 2332 inreligiosis
812 2243 1022 2332 perturbatio
1043 2241 1130 2311 facta
1154 2248 1218 2321 est,

208 2351 341 2440 integra
356 2350 493 2440 vigebat
509 2356 664 2417 veterum
683 2357 861 2439 poetarum
881 2351 1074 2430 auctoritas,
1093 2349 1218 2419 confir-

210 2465 301 2526 mata
315 2458 430 2549 potius
444 2478 548 2545 quam
564 2457 746 2526 imminuta
762 2459 907 2527 heroum
923 2457 1015 2526 cultu
1038 2458 1096 2546 qui
1120 2457 1220 2546 paulo

210 2572 286 2654 post
311 2563 499 2633 Hesiodum
529 2569 650 2654 gentes
677 2586 798 2636 omnes
816 2566 1007 2636 Hellenieas
1035 2566 1217 2634 invaserat.

208 2674 279 2740 Jam
297 2678 371 2742 tum
386 2693 468 2742 veru
483 2681 713 2762 apparuerant
729 2673 804 2753 riri,
817 2674 956 2764 ingenio
973 2675 1041 2743 acri
1056 2679 1089 2740 et
1109 2672 1220 2742 disse-

211 2777 308 2847 rendi
328 2783 487 2848 acumine
503 2779 669 2868 insignes,
685 2780 742 2869 qui
758 2781 907 2869 critiquae
933 2781 1088 2870 religioni
1112 2781 1220 2848 inhae-

210 2886 317 2955 rentia
345 2886 427 2952 vitia
460 2893 705 2977 perspexerant
731 2894 765 2953 et
794 2888 960 2976 Olympiis
986 2887 1051 2954 diis
1069 2885 1217 2955 audaces

210 2993 397 3062 intulerant
414 3013 548 3061 manus.
569 2994 745 3064 Patefactis
761 3015 837 3082 quac
851 2995 885 3060 in
901 3001 1080 3083 poetarum
1095 2993 1221 3062 tabulis

211 3099 446 3190 repugnabant
481 3106 581 3172 reetae
615 3101 750 3180 rationi,
783 3108 818 3168 ct
854 3111 1046 3192 torpescentes
1076 3100 1220 3170 deorum

210 3205 343 3276 detecta
357 3213 493 3288 natura,
515 3208 632 3278 nullos
647 3228 724 3278 esse
738 3207 823 3276 deos
835 3214 894 3277 aut
907 3207 1005 3289 alios,
1023 3206 1116 3297 quod
1128 3208 1219 3277 idem

210 3313 356 3394 valebat,
373 3314 649 3385 demonstratum
669 3323 732 3386 est.

254 3421 316 3490 Ille
331 3428 446 3491 tamen
461 3422 563 3491 balba
582 3423 696 3494 adhue
712 3433 746 3494 et
762 3425 816 3492 vir
833 3425 884 3493 sui
911 3425 1047 3493 conscia
1067 3424 1222 3494 doctrina

211 3549 279 3597 non
305 3529 494 3618 periculum
530 3538 602 3599 erat
632 3538 670 3599 ut
695 3533 789 3622 uulgi
814 3532 1061 3622 approbaretur
1086 3533 1220 3623 opinio-

210 3635 324 3704 nibus.
348 3637 467 3705 Paucis
490 3639 639 3728 primum
654 3639 825 3708 destinata
848 3644 883 3708 et
905 3640 1079 3708 communi
1105 3639 1220 3708 studio

210 3742 399 3812 abhorrens
414 3745 578 3834 paulatim
598 3746 849 3815 incrementum
869 3746 958 3836 cepit
973 3751 1007 3814 et
1031 3767 1050 3814 c
1072 3746 1222 3836 pbiloso·
1248 3739 1252 3748 '

210 3849 357 3938 phorum
373 3852 518 3920 officinis
534 3875 613 3922 enm
629 3853 794 3942 sophistis
818 3855 851 3920 in
884 3854 1058 3943 publicum
1080 3853 1219 3944 prodiit.

209 3955 303 4025 'lunc
312 3960 481 4046 juvenum
505 3960 787 4048 ingeniosissimi,
815 3963 874 4050 qui
904 3962 1002 4030 novis
1022 3960 1221 4030 doctoribus

209 4063 417 4133 familiariter
430 4067 615 4136 utebantur
634 4073 667 4136 et
688 4088 747 4157 per
759 4067 863 4137 nrbes
882 4068 1125 4137 disserentium
1150 4089 1223 4137 ora·

210 4169 320 4238 tiones
333 4173 558 4263 excipiebant,
585 4181 791 4245 vetustatem
804 4177 895 4246 idem
911 4196 987 4247 esse
1008 4196 1113 4268 quam
1135 4175 1221 4246 stul·
