3156 5082
751 537 893 593 ..86-

314 664 490 732 bitationis
517 661 671 730 sollicitae
685 663 831 752 vestigia
854 680 994 730 necesse
1014 665 1079 740 est,
1102 660 1213 728 donec
1230 681 1337 752 supe-

315 778 411 839 rante
420 771 552 838 ratione
564 770 757 858 etingenio,
771 767 966 836 divinorum
978 768 1140 856 cogitatio
1154 768 1197 836 ab
1208 775 1339 837 extera-

314 897 512 947 rumrerum
526 877 719 966 spectaculo
737 875 928 944 vindicetur
943 882 977 943 et
990 874 1146 943 exsoluta
1156 877 1252 944 omni
1263 878 1339 944 vin-

315 984 491 1073 culo,quae
507 984 572 1051 sihi
586 983 726 1051 demum
746 983 885 1072 probata
899 989 1105 1071 suntaperte
1122 983 1336 1071 profiteatur.

315 1091 473 1180 Resurgit
491 1092 665 1160 intereaet
689 1110 819 1158 novum
845 1089 964 1178 recipit
982 1087 1088 1156 robur
1109 1087 1323 1156 Athenarum

314 1218 402 1288 pene
413 1216 532 1266 eversa
540 1204 712 1287 potestas;
745 1195 832 1265 redit
859 1195 1068 1264 confidentia
1086 1195 1203 1262 fractis
1219 1197 1290 1284 jam
1303 1202 1339 1264 et

314 1305 576 1394 desperantibus
603 1306 729 1374 civium
758 1303 894 1382 animis,
915 1302 975 1372 sed
1006 1303 1053 1369 ita
1075 1307 1112 1369 ut
1137 1302 1337 1370 divinorum

315 1432 406 1492 cura,
419 1411 460 1479 ad
474 1412 711 1501 quamreversi
724 1405 831 1488 erant,
847 1430 966 1478 rursus
983 1414 1212 1478 removeatur.
1233 1413 1335 1498 Cuius

317 1525 493 1588 honorum
506 1518 744 1588 comoediaerit
755 1517 933 1597 indicium,
946 1517 1167 1584 irreverentia
1180 1516 1331 1585 simulet

316 1627 482 1716 religione
494 1627 674 1716 permixta.
688 1627 725 1692 ln
742 1645 808 1714 qua
823 1623 1169 1692 animadvertendum
1180 1625 1257 1704 erit,
1274 1626 1338 1692 Eu·

316 1734 462 1824 ripidem
477 1735 574 1823 cujus
589 1753 770 1803 censuram
794 1731 921 1822 praehet
947 1751 1050 1819 quam
1071 1731 1335 1821 amplissimam,

317 1842 405 1910 serio
430 1848 569 1930 propter
591 1841 656 1908 alia
684 1841 765 1908 vitia
788 1838 1033 1928 tragoediarum
1057 1838 1129 1906 sive
1158 1858 1237 1906 vera
1267 1841 1338 1908 sive

315 1949 401 2016 falsa
419 1955 679 2028 essevexatum,
698 1949 753 2014 vix
775 1955 888 2015 tamen
908 1946 1093 2034 impietatis
1113 1965 1214 2014 causa
1234 1954 1268 2015 et
1279 1949 1334 2037 jo-

316 2075 406 2133 cose,
435 2057 491 2142 qui
526 2055 660 2124 crimini
689 2059 803 2120 tamen
830 2072 948 2121 ausam
975 2053 1200 2141 multiplicem
1228 2053 1335 2135 daret,

319 2163 423 2252 carpi.
447 2163 517 2230 Etsi
537 2161 656 2228 Bacchi
681 2161 745 2228 suh
761 2180 907 2249 persona
930 2160 1077 2250 populus
1105 2160 1336 2241 Atheniensis,

320 2290 388 2338 non
407 2269 492 2338 deus
508 2269 581 2357 ipse
600 2265 789 2347 deridetur,
817 2287 932 2335 nonne
949 2269 1065 2356 magui
1091 2268 1259 2335 momenti
1286 2274 1339 2336 est

318 2377 361 2445 ad
386 2378 599 2467 propositum
626 2376 863 2465 Aristophanis
897 2375 1153 2456 illustrandum,
1176 2374 1337 2464 quoddei

318 2485 411 2551 illius
424 2485 537 2573 specie
556 2504 640 2550 usus
660 2482 774 2563 fuerit,
794 2482 975 2550 Herculem
1006 2481 1263 2569 inferorumque
1280 2504 1339 2550 ve-

320 2590 510 2659 nerandam
526 2590 726 2678 religionem
742 2596 792 2657 tot
813 2589 975 2656 conuiciis
992 2597 1094 2676 atque
1109 2589 1239 2657 facetiis
1253 2590 1305 2656 inf
1323 2627 1339 2639 -

319 2698 475 2775 moverit,
495 2718 602 2784 quum
619 2716 689 2762 non
705 2695 790 2763 adeo
811 2695 948 2763 difficile
961 2695 1096 2763 videtur
1118 2697 1260 2785 Trygaeo
1289 2698 1342 2764 al-

319 2805 381 2872 teri
402 2810 436 2872 et
451 2805 514 2870 iter
529 2802 572 2868 ad
589 2802 743 2869 Plutonis
778 2801 870 2870 aedes
898 2801 1095 2869 faciendum
1116 2811 1150 2871 et
1170 2804 1340 2892 judicium

320 2912 364 2979 de
383 2911 519 2999 tragicis
530 2908 823 2998 pronuntiandum
837 2911 1075 2978 committere?
1092 2915 1337 2990 ,Ecclestozusaa

320 3020 348 3087 si
369 3018 411 3086 ad
429 3017 630 3106 religionem
648 3024 793 3106 spectas,
813 3017 900 3084 nihil
914 3017 985 3085 fere
1002 3037 1113 3104 neque
1127 3016 1170 3084 ad
1184 3017 1340 3106 impieta-

320 3127 363 3192 tis
378 3125 507 3206 crimen
524 3123 799 3193 convincendum
814 3144 926 3212 neque
943 3123 986 3192 ad
1001 3125 1161 3212 pietatem
1179 3125 1339 3192 demons-

320 3233 490 3311 trandam,
520 3230 752 3321 suppeditant,
776 3232 841 3298 nisi
866 3232 958 3319 quod
989 3232 1083 3299 velut
1114 3233 1149 3297 in
1179 3233 1337 3312 transitu,

319 3361 398 3408 cum
414 3339 534 3406 acerba
553 3337 699 3426 quadam
732 3339 966 3419 irreverentia,
984 3339 1027 3408 de
1049 3360 1223 3407 sacrorum
1240 3358 1341 3407 vena-

318 3447 414 3515 litate
438 3465 564 3534 paucos
581 3466 701 3513 versus
719 3465 783 3513 nec
796 3467 854 3514 eos
875 3449 1050 3536 proposito
1066 3448 1277 3516 necessarios
1290 3447 1339 3514 in-

319 3541 426 3621 seruit
446 3557 469 3619 ¹.
486 3551 572 3630 Quid
598 3573 678 3621 vero
711 3551 754 3620 de
779 3557 872 3619 Picti
901 3555 1103 3641 procacitate
1129 3574 1232 3642 quam
1260 3542 1341 3622 ulii-

320 3680 412 3726 mam
426 3679 488 3726 suo
506 3661 647 3728 nomine
662 3659 812 3726 fabulam
827 3661 861 3726 in
880 3680 981 3729 scena
1000 3662 1265 3750 Aristophanem
1283 3661 1341 3728 do-

320 3767 431 3834 cuisse
448 3772 592 3845 constat,
608 3765 835 3854 judicandum
852 3769 926 3845 crit,
954 3769 987 3833 iu
1000 3788 1068 3855 quo
1080 3775 1259 3857 poetanon
1270 3771 1342 3857 jam

320 3874 528 3943 lineamenta
540 3872 725 3962 impietatis
736 3873 952 3953 adumbrare,
971 3874 1044 3954 sed,
1058 3880 1097 3942 ut
1113 3874 1274 3964 infraipsi
1285 3875 1341 3944 de-

351 4129 525 4190 ¹Ecclerioz.,
549 4135 603 4182 779.
632 4134 678 4188 Oui
707 4148 794 4184 versus
821 4137 975 4183 conveniunt
1004 4151 1061 4184 cum
1092 4141 1205 4186 lluurrm.
1230 4136 1341 4193 Philoni,

237 4243 240 4248 ι
321 4209 426 4273 froom,
442 4212 495 4261 784.
