3156 5082
395 625 640 703 Multitorrnem
658 623 753 707 illem
765 644 941 699 sacrorum
961 629 1065 714 atque
1083 622 1269 716 ancipitem
1284 623 1373 696 ima-

350 737 465 826 ginem
480 731 689 822 effingendo,
705 751 777 802 non
793 737 861 800 tam
885 731 1014 807 infimae
1029 731 1141 824 plebis
1170 730 1375 824 opinionem

350 863 427 933 quae
452 841 570 931 potius
595 839 705 913 auxiae
730 838 969 928 superstitioni
1001 835 1118 913 dedita
1152 844 1236 918 erat,
1266 857 1375 926 quam

350 951 518 1042 equestris
533 946 675 1030 ordinis,
698 949 796 1036 ouius
815 967 853 1024 se
869 954 983 1037 partes
1002 947 1161 1036 amplecti
1176 945 1370 1038 profitetur,

350 1057 552 1148 religionem
566 1059 747 1129 nutantem
761 1060 863 1143 atque
887 1053 1027 1124 dubiam
1047 1060 1188 1133 sanutus
1214 1059 1266 1126 est
1281 1053 1373 1130 Aris-

351 1164 520 1254 topbaues
540 1166 563 1230 ¹.
577 1161 715 1250 Equites
732 1160 824 1242 enim
842 1161 995 1250 ingenuo
1010 1161 1085 1232 looo
1097 1161 1161 1232 orti
1175 1166 1209 1232 et
1224 1161 1373 1254 pletum-

351 1291 418 1361 que
432 1291 523 1350 nova
542 1267 774 1358 sophistarum
799 1268 972 1344 informati
999 1267 1189 1358 disciplina,
1216 1267 1372 1365 quidin-

351 1378 433 1453 aorti
449 1376 617 1447 haberent
635 1381 739 1464 atque
755 1374 888 1465 indigni
913 1381 1047 1447 veteres
1073 1375 1118 1448 de
1140 1375 1207 1447 diis
1232 1375 1370 1468 iabulae,

352 1485 501 1576 perferto
515 1483 765 1573 intelligebant.
787 1483 853 1559 Sed
876 1484 1049 1570 effrenatae
1074 1485 1255 1572 libertatis,
1273 1486 1374 1574 eujus

351 1592 388 1666 in
402 1590 772 1680 diesingravesoebant
788 1589 881 1670 vitia,
899 1590 1096 1671 adversarii,
1122 1591 1212 1668 civili
1232 1611 1312 1664 eura
1337 1597 1374 1661 et

347 1698 779 1778 ambitiosasollieitudine,
801 1705 974 1775 rosentem
991 1699 1267 1775 demooratiama
1282 1721 1374 1773 nova
1421 1783 1424 1787 ¹

352 1805 660 1895 nonsep'ungebant
672 1805 859 1894 impietate.
876 1807 1062 1880 Gentilium
1075 1805 1219 1880 deorum
1234 1807 1372 1896 religio-

352 1931 521 1992 nomnen
540 1919 612 1984 tam
631 1932 691 2001 per
706 1933 743 1984 se
768 1912 1000 1988 venerandam
1021 1933 1124 2002 quam
1140 1913 1286 1987 ciuitatis
1302 1915 1372 1986 otio
1403 1959 1407 1966 -

353 2026 456 2107 atque
473 2019 692 2108 prosperitati
713 2019 832 2088 utilem
848 2039 925 2088 esse
952 2020 1207 2096 existimabant.
1234 2020 1315 2090 Ideo
1335 2021 1371 2093 iu

352 2124 522 2198 oommd'ra
535 2145 612 2216 qua
626 2125 780 2213 equitum
795 2127 1177 2216 nomineetpatrooinio
1196 2147 1372 2202 onmmen·
1411 2149 1415 2160 ·

355 2230 468 2312 datur,
486 2231 648 2323 pietatem
664 2251 761 2302 suam
783 2232 1058 2322 hisprotitentur
1071 2234 1184 2302 verbis
1202 2239 1215 2282 '2
1233 2258 1240 2299 :

771 2416 854 2504 iiptr'c
874 2423 897 2482 δ’
912 2429 1034 2504 ἀξιοῦμεν
1050 2436 1082 2505 τῇ
1097 2426 1170 2484 πόλει

516 2536 620 2606 Προῖκα
638 2531 761 2604 putatote
777 2530 884 2606 aptate
899 2531 945 2586 καὶ
959 2532 1026 2593 Oroi:
1040 2531 1187 2608 ἒγχωρίοις.

400 2760 605 2838 Persuasum
617 2758 874 2852 habebentsine
884 2759 1029 2829 deorum
1041 2759 1133 2829 onitu
1146 2759 1271 2828 urbem
1282 2762 1373 2831 stare

354 2887 424 2936 non
445 2871 611 2956 posteat
625 2886 826 2956 *quenquam
846 2887 925 2938 eum
941 2867 1160 2957 philosophis
1174 2865 1217 2935 de
1232 2865 1373 2936 Homeri

351 2980 561 3070 Hesiodiquo
577 2982 612 3052 in
632 2981 758 3050 divinis
787 2983 988 3055 auctoritate
1009 2980 1243 3072 disputabant,
1261 3000 1373 3070 quan-

353 3107 456 3178 quam
470 3107 513 3158 ex
529 3088 672 3160 ridicula
687 3109 864 3164 sacrorum
877 3090 1068 3162 imitatione
1088 3089 1272 3162 maximam
1294 3108 1373 3180 per·

352 3195 523 3284 cipiebaut
537 3195 812 3276 detentationem,
832 3197 911 3285 quia
926 3199 1105 3286 praeteritae
1132 3197 1240 3268 aetatis
1253 3195 1373 3270 indui-

348 3301 480 3391 gebaut
494 3295 664 3374 desiderio
679 3309 713 3370 et
730 3305 881 3392 priscum
901 3304 1078 3373 tentabant
1104 3305 1288 3382 restituere
1302 3311 1374 3372 sta-

353 3415 427 3478 tum
449 3408 656 3498 reipublicae,
685 3410 767 3478 deos
804 3412 974 3500 majorum
998 3411 1102 3482 simul
1129 3431 1208 3479 oum
1236 3409 1375 3498 legibus

351 3522 454 3604 atque
473 3517 638 3586 institutis
664 3517 800 3606 publice
826 3519 1115 3587 commendabant
1145 3517 1372 3589 multitudini.

350 3622 493 3692 Faciunt
506 3643 585 3692 oum
604 3624 704 3695 Critia
717 3624 776 3694 illo
789 3623 1023 3705 celeberrimo,
1046 3639 1210 3716 ὀλιγαρχίας
1224 3624 1371 3704 fautore,

351 3728 412 3817 qui
429 3727 545 3800 doouit
560 3731 595 3798 in
611 3730 775 3822 tragoedia
790 3731 873 3800 deos
888 3731 931 3800 nb
944 3731 1144 3802 hominibus
1161 3729 1375 3822 sapientibus

381 3945 390 3980 ¹
409 3949 443 3994 De
464 3945 589 4006 triptopb.
607 3947 720 4006 equitum
736 3947 840 4005 fautore,
854 3947 906 3996 vid.
921 3949 949 3996 0.
968 3949 1079 4008 Murano,
1098 3949 1161 3995 Hiat.
1178 3947 1207 3995 do
1225 3945 1252 3996 lo
1268 3940 1373 3994 inurat.

350 4037 460 4088 praeque.
481 4027 554 4074 trad.
572 4028 744 4085 damnantur,
762 4029 792 4085 11,
811 4027 866 4085 tot,
881 4031 905 4075 et
920 4031 1054 4085 fleamus,
1071 4029 1202 4102 Commeat.
1222 4026 1251 4074 iot
1269 4025 1373 4088 spatae.

354 4105 399 4159 Tu.
412 4107 491 4164 Kosa,
507 4105 607 4156 latrod.
623 4106 658 4156 od
670 4108 761 4172 liquit,
777 4107 816 4156 at.

374 4183 396 4236 r
411 4187 584 4263 ammaon.
