3156 5082
222 637 512 729 pbilosophorum
533 644 616 710 tunc
644 641 717 730 per-i
744 642 886 714 nornine
909 643 1121 720 uocabantur
1135 650 1163 728 ¹,
1193 646 1237 722 ab
1320 709 1329 723 .

223 746 455 837 Aristophane
474 747 597 818 acriter
619 746 728 820 fuisse
750 750 908 840 agitatos,
930 771 1009 822 cum
1030 753 1239 828 curriculum

224 853 308 922 artis
321 855 476 936 intraret,
494 875 564 924 non
577 856 689 945 magis
701 861 817 945 potest
832 856 995 948 denegari
1018 879 1121 948 quam
1137 861 1234 936 Cleo-

225 961 280 1029 nis
295 960 331 1028 in
349 966 527 1046 spurious
543 961 799 1032 acerbissimam
813 965 1031 1038 vexationem
1049 973 1085 1040 ot
1098 980 1235 1058 ὀχλοκρα-

224 1085 285 1146 «εκς
299 1069 461 1138 omnibus
477 1070 617 1160 privatis
632 1071 846 1161 publicisque
856 1073 948 1142 vitiis
966 1075 1144 1165 gliscentis
1159 1095 1238 1149 ren·

226 1197 353 1246 suram.
371 1175 485 1246 Sedni
504 1176 696 1274 nobisplus
723 1181 950 1267 justonostra
980 1182 1091 1271 placet
1120 1201 1234 1266 causa,

226 1305 295 1354 non
331 1284 444 1354 solum
468 1285 659 1376 juvenilem
690 1286 789 1356 illurn
812 1287 971 1360 ardorem
1002 1311 1072 1378 quo
1108 1289 1144 1359 in
1163 1290 1238 1382 pbi-

226 1392 390 1482 losopbos
430 1393 615 1482 processit,
656 1394 756 1464 annis
790 1395 1014 1486 vergentibus
1038 1397 1082 1471 ed
1118 1417 1238 1468 senoo—
1318 1403 1322 1410 '

227 1504 348 1580 tutem,
377 1500 599 1588 compescuit,
626 1499 688 1568 sed
715 1501 788 1589 jem
820 1520 840 1570 e
867 1502 1033 1592 principio
1063 1503 1153 1574 inter
1183 1503 1238 1571 di-

228 1625 342 1676 versas
358 1606 497 1676 illorum
512 1605 723 1696 disciplinas,
749 1607 1006 1684 distinctionem
1035 1610 1128 1693 fecit,
1152 1611 1237 1682 elios

226 1714 442 1785 severissime
474 1713 661 1796 damnavit,
692 1715 768 1784 aliis
798 1715 854 1784 vel
885 1716 1013 1787 inscius
1053 1719 1234 1792 concessit.

226 1821 413 1891 Ostendere
450 1821 555 1891 velim
582 1822 823 1912 Aristophanis
855 1823 1060 1895 comoediam
1100 1825 1238 1915 religio·

226 1948 307 2002 nem
324 1931 501 2019 antiquam
516 1951 534 2008 a
548 1931 660 2021 prisca
674 1951 812 2022 semper
831 1951 1031 2022 segregasse
1046 1932 1237 2024 disciplina,

225 2038 272 2106 ita
285 2045 322 2106 ut
336 2039 426 2107 bauo
440 2058 578 2108 seruere
591 2039 770 2120 voluisset,
792 2039 948 2129 neglecte
962 2039 1033 2122 illa,
1049 2041 1083 2111 in
1103 2056 1237 2132 παρέργου

226 2145 301 2214 loco
334 2145 562 2233 habitaculo
601 2147 670 2216 imo
700 2145 987 2238 philosophorum
1009 2149 1119 2238 magis
1134 2155 1238 2238 atquo

226 2253 335 2342 magis
362 2253 570 2342 posthabite
596 2252 816 2342 opinionibus
852 2253 963 2324 donec
997 2256 1030 2322 in
1071 2259 1169 2324 Ptolo
1201 2275 1239 2330 se

225 2367 341 2450 aperto
354 2381 455 2430 novn
468 2360 645 2450 sapientis
665 2359 883 2450 profiteretur
905 2362 1099 2440 alumnum.

699 2737 762 2802 51.

271 2995 340 3066 Etsi
358 2995 588 3066 multiformes
611 2985 853 3085 Aristophanis
882 3001 982 3066 aetete
998 2995 1181 3065 exstabant
1199 2997 1234 3065 in

226 3103 653 3193 Graeoiephllosopborum
686 3103 875 3192 disciplinae
899 3101 943 3172 de
971 3102 1097 3172 divinis
1122 3102 1239 3194 dispu-

226 3216 350 3294 tantes,
362 3209 404 3278 ad
420 3209 506 3280 duas
521 3211 708 3300 praecipuas
720 3209 860 3292 formas,
874 3210 978 3300 hujus
988 3216 1115 3278 nostrae
1129 3230 1239 3299 quaes·

228 3318 330 3388 tionis
360 3324 532 3408 respectu,
559 3317 677 3388 referri
707 3336 809 3408 posse
835 3315 1009 3402 videntur,
1032 3336 1118 3405 quas
1141 3337 1239 3386 oom-

228 3423 328 3514 plecti
348 3424 567 3514 simulatque
588 3424 678 3496 inter
695 3443 733 3494 se
760 3424 971 3514 conjungere
996 3422 1090 3500 Plato
1120 3430 1239 3514 postea

226 3550 409 3622 aggressus
424 3537 489 3606 est.
520 3531 585 3599 Alii
600 3528 750 3600 mediam
771 3529 973 3619 quamdam,
1004 3530 1155 3604 bumana
1183 3551 1239 3609 se-

227 3639 355 3728 pientis
368 3645 403 3710 et
418 3639 589 3729 exquisita
607 3639 758 3727 entique
768 3637 945 3728 religionis
955 3638 1238 3728 interpretatione

254 3879 265 3916 ¹
284 3882 415 3945 Σοφιπὴν,
432 3883 499 3930 idem
514 3882 597 3930 vetere
611 3894 688 3941 quarn
704 3879 879 3941 philosophum
898 3885 941 3934 aut
954 3881 1051 3932 rhetore
1071 3881 1240 3936 demonstrent

224 3962 287 4014 inter
302 3963 354 4014 alia
368 3963 443 4012 verba
460 3963 505 4014 illu
523 3962 648 4018 AEsolrinis
669 3963 695 4010 in
714 3961 824 4012 credone
839 3962 960 4016 sdversus
975 3961 1133 4012 Timarchum
1147 3961 1182 4022 (p.
1199 3958 1238 4015 tt,

224 4045 263 4101 ot)
281 4060 286 4090 :
302 4043 433 4107 Σωκράτην
449 4042 491 4092 τὸν
508 4043 626 4106 σοφιστὴν
642 4041 816 4102 &remelium
831 4043 861 4090 de
877 4055 927 4102 quo
942 4043 997 4089 looo
1008 4041 1238 4092 Wrrrrnsmsrur.

223 4111 257 4170 nd
278 4121 414 4182 Plutarch..
435 4123 475 4181 rt,
495 4125 540 4171 655
562 4139 568 4170 :
589 4139 603 4168 α
618 4121 747 4171 AEscbtnes
764 4121 886 4170 Socrrtm
908 4122 1021 4170 nominet
1039 4121 1193 4182 sophistam,
1213 4122 1241 4166 ut

222 4209 311 4264 emtor,
325 4209 349 4255 et
363 4206 427 4255 ellos
441 4207 579 4254 docentem.
596 4205 633 4254 dl.
649 4205 783 4263 linum,
797 4201 900 4266 mint.
915 4201 949 4256 αἱ
963 4203 1053 4264 Μῶν.
1066 4201 1186 4257 xxxvii.
