3114 5088
531 1182 662 1250 CAPUT
687 1181 858 1251 PRIMUM.

306 1465 513 1514 ARGUMENTA
544 1465 737 1511 IMPIETA'I'IS
767 1467 810 1511 EX
844 1466 1089 1515 ARISTOPHANIS

512 1589 680 1640 COMOEDIIS
704 1591 882 1640 COLLECTA.

236 1890 474 1980 Aristophanis
489 1890 690 1979 religionem
706 1893 967 1980 anquirentibus
984 1891 1110 1982 duplex
1125 1913 1202 1983 ape·

195 2001 279 2068 ritur
294 1999 360 2067 vie.
376 1998 443 2065 Aut
459 1997 626 2087 permixte
642 2001 810 2090 excerptis
834 2020 874 2067 ex
899 2002 973 2090 ejus
988 2000 1112 2070 fabulis
1130 2021 1207 2090 quae

194 2107 236 2176 ed
260 2126 363 2174 unam
384 2113 418 2174 et
438 2104 594 2173 eamdem
622 2103 764 2174 deorum
791 2127 1034 2197 sacrorumque
1058 2110 1207 2197 speciem

195 2211 465 2282 adumbrendem
496 2221 698 2301 argumenta
729 2214 931 2304 subjiciunt,
962 2215 1082 2284 ordine
1115 2222 1207 2284 certo

196 2341 306 2410 neque
326 2321 378 2388 bis
402 2319 444 2388 od
461 2318 581 2388 eadem
606 2321 729 2388 reverti
756 2323 881 2389 coactis
896 2322 1011 2390 licebit
1027 2322 1185 2412 progredi
1197 2345 1205 2401 ;

196 2427 255 2497 sed
271 2428 473 2518 gravissime
486 2425 675 2494 disceditur
690 2427 781 2516 lege,
810 2448 874 2515 que
895 2449 1098 2518 magnorum
1117 2429 1205 2496 viro-

196 2558 270 2604 rum
284 2555 387 2625 opera
398 2536 535 2602 illorum
550 2535 617 2603 vitu
628 2536 887 2623 etquefortnuis
899 2535 1101 2605 aestimande
1112 2543 1206 2604 sunt.

197 2647 261 2712 Aut
285 2643 433 2710 auctoris
457 2643 565 2731 ipsius
585 2644 711 2710 secutis
736 2644 897 2733 vestigio,
919 2644 1120 2733 fabulasque
1148 2665 1208 2734 pro

197 2751 408 2840 temporibus
423 2749 548 2839 quibus
564 2749 788 2818 effloruerunt
802 2751 1107 2840 perpendentibus
1127 2772 1210 2840 quo-

197 2859 311 2926 minus
333 2877 611 2947 unamquemque
627 2877 698 2925 rem
721 2858 849 2947 pluries
865 2859 978 2926 forsan
1000 2865 1207 2949 repetemus,

197 2986 265 3034 non
279 2965 378 3032 facile
390 2965 454 3033 erit
469 2964 588 3032 vitare.
608 2965 791 3052 Utriusque
807 2968 871 3033 viae
885 2967 1051 3034 aestimnte
1067 2966 1211 3033 utilitate

197 3081 229 3141 et
239 3073 493 3162 circumspectis
507 3071 746 3150 incommodis,
761 3093 834 3139 eum
848 3073 979 3162 ingredi
992 3074 1210 3163 potissimum

196 3180 291 3262 libet,
310 3201 377 3268 que
392 3180 609 3268 Aristophani
626 3181 768 3249 comites
782 3180 1038 3270 quodammodo
1053 3181 1101 3249 ire
1116 3179 1209 3248 vide·

197 3286 331 3369 bimur;
354 3288 400 3355 ite
432 3293 544 3356 tamen
576 3293 633 3369 ut,
664 3289 848 3356 summotis
868 3311 943 3377 qum
965 3288 1107 3357 minoris
1131 3293 1212 3355 sunt

197 3394 370 3483 ponderis,
388 3396 513 3464 rectius
533 3414 571 3462 uc
585 3393 727 3463 liberius
744 3394 786 3463 od
808 3405 935 3464 metem
956 3397 1130 3486 possimus
1146 3397 1212 3464 fos-

200 3503 319 3572 tiuare.

243 3610 318 3678 Tria
334 3629 459 3699 genere
475 3607 661 3698 impietatis
676 3610 710 3677 in
726 3610 965 3700 Aristophanis
976 3610 1167 3689 comoediis,
1183 3607 1212 3677 si

199 3737 258 3809 pro
274 3717 402 3786 nostris
420 3723 610 3808 pensantur
625 3718 856 3807 opinionibus,
876 3726 1082 3788 occurrunt:
1100 3717 1210 3785 irrisio

199 3827 347 3916 primum
371 3835 495 3911 τεράτων,
514 3823 740 3909 oraculorum,
767 3825 1023 3907 sacrificiorum,
1046 3824 1213 3914 precatio·

198 3951 294 4012 num,
307 3931 579 3999 caerimoniarum
592 3933 748 3999 omnium
759 3953 837 4021 quae
846 3931 886 3999 ad
900 3932 1030 4000 cultum
1043 3932 1213 4022 privatum

199 4038 443 4129 publicumque
460 4039 644 4128 pertinent,
664 4058 797 4107 necnon
815 4039 1031 4109 secerdotum
1051 4037 1215 4106 vaticina·

201 4151 394 4236 torumque,
407 4145 464 4236 qui
481 4146 556 4236 ejus
571 4146 683 4215 cultus
700 4152 856 4216 auctores
872 4153 953 4214 sunt
973 4152 1032 4213 out
1044 4144 1212 4226 ministri;
