<?xml version="1.0" encoding="UTF-8"?>
<!DOCTYPE html PUBLIC "-//W3C//DTD XHTML 1.0 Transitional//EN"
    "http://www.w3.org/TR/xhtml1/DTD/xhtml1-transitional.dtd">
<html xmlns="http://www.w3.org/1999/xhtml" xml:lang="en" lang="en">
 <head>
  <title>
</title>
<meta http-equiv="Content-Type" content="text/html;charset=utf-8" />
  <meta name='ocr-system' content='tesseract 3.04.00' />
  <meta name='ocr-capabilities' content='ocr_page ocr_carea ocr_par ocr_line ocrx_word'/>
</head>
<body>
  <div class='ocr_page' id='page_1' title='image "./aristophanesimp00hildgoog_0105.png"; bbox 0 0 3156 5082; ppageno 0'>
   <div class='ocr_carea' id='block_1_1' title="bbox 785 535 925 590">
    <p class='ocr_par' dir='ltr' id='par_1_1' title="bbox 785 535 925 590">
     <span class='ocr_line' id='line_1_1' title="bbox 785 535 925 590; baseline -0.014 -12"><span class='ocrx_word' id='word_1_1' title='bbox 785 535 925 590; x_wconf 79' lang='lat'>..90-</span> 
     </span>
    </p>
   </div>
   <div class='ocr_carea' id='block_1_2' title="bbox 345 655 1372 1268">
    <p class='ocr_par' dir='ltr' id='par_1_2' title="bbox 345 655 1372 1268">
     <span class='ocr_line' id='line_1_2' title="bbox 347 655 1372 750; baseline -0.009 -18"><span class='ocrx_word' id='word_1_2' title='bbox 347 668 611 749; x_wconf 80' lang='lat' dir='ltr'><strong>mophortozasis</strong></span> <span class='ocrx_word' id='word_1_3' title='bbox 627 661 796 750; x_wconf 80' lang='lat' dir='ltr'><strong>religiose,</strong></span> <span class='ocrx_word' id='word_1_4' title='bbox 814 661 877 727; x_wconf 87' lang='lat' dir='ltr'><strong>rite</strong></span> <span class='ocrx_word' id='word_1_5' title='bbox 892 665 925 728; x_wconf 92' lang='lat' dir='ltr'><strong>et</strong></span> <span class='ocrx_word' id='word_1_6' title='bbox 940 665 1031 726; x_wconf 90' lang='lat' dir='ltr'><strong>caste</strong></span> <span class='ocrx_word' id='word_1_7' title='bbox 1044 655 1235 745; x_wconf 86' lang='lat' dir='ltr'><strong>composita</strong></span> <span class='ocrx_word' id='word_1_8' title='bbox 1255 656 1372 744; x_wconf 91' lang='lat' dir='ltr'><strong>impu-</strong></span> 
     </span>
     <span class='ocr_line' id='line_1_3' title="bbox 347 764 1367 857; baseline -0.01 -19"><span class='ocrx_word' id='word_1_9' title='bbox 347 771 559 840; x_wconf 87' lang='lat' dir='ltr'><strong>dentissimis</strong></span> <span class='ocrx_word' id='word_1_10' title='bbox 573 769 755 836; x_wconf 82' lang='lat' dir='ltr'><strong>admiscuit</strong></span> <span class='ocrx_word' id='word_1_11' title='bbox 771 768 943 857; x_wconf 78' lang='lat' dir='ltr'><strong>spurcitiis</strong></span> <span class='ocrx_word' id='word_1_12' title='bbox 971 765 1231 853; x_wconf 76' lang='lat' dir='ltr'><strong>Aristophanes.</strong></span> <span class='ocrx_word' id='word_1_13' title='bbox 1250 764 1297 829; x_wconf 85' lang='lat' dir='ltr'><strong>Ex</strong></span> <span class='ocrx_word' id='word_1_14' title='bbox 1310 765 1367 851; x_wconf 91' lang='lat' dir='ltr'><strong>ip-</strong></span> 
     </span>
     <span class='ocr_line' id='line_1_4' title="bbox 346 871 1370 967; baseline -0.008 -21"><span class='ocrx_word' id='word_1_15' title='bbox 346 879 418 946; x_wconf 88' lang='lat' dir='ltr'><strong>sius</strong></span> <span class='ocrx_word' id='word_1_16' title='bbox 438 878 566 947; x_wconf 89' lang='lat' dir='ltr'><strong>Cereris</strong></span> <span class='ocrx_word' id='word_1_17' title='bbox 577 875 809 966; x_wconf 86' lang='lat' dir='ltr'><strong>penetralibus</strong></span> <span class='ocrx_word' id='word_1_18' title='bbox 822 879 856 942; x_wconf 89' lang='lat' dir='ltr'><strong>et</strong></span> <span class='ocrx_word' id='word_1_19' title='bbox 872 893 993 941; x_wconf 87' lang='lat' dir='ltr'><strong>arcana</strong></span> <span class='ocrx_word' id='word_1_20' title='bbox 1007 871 1252 959; x_wconf 85' lang='lat' dir='ltr'><strong>mysteriorum</strong></span> <span class='ocrx_word' id='word_1_21' title='bbox 1269 889 1370 967; x_wconf 83' lang='lat' dir='ltr'><strong>sano·</strong></span> 
     </span>
     <span class='ocr_line' id='line_1_5' title="bbox 346 977 1371 1074; baseline -0.007 -22"><span class='ocrx_word' id='word_1_22' title='bbox 346 985 442 1053; x_wconf 88' lang='lat' dir='ltr'><strong>titate</strong></span> <span class='ocrx_word' id='word_1_23' title='bbox 457 985 638 1074; x_wconf 85' lang='lat' dir='ltr'><strong>profluisse</strong></span> <span class='ocrx_word' id='word_1_24' title='bbox 658 982 776 1051; x_wconf 86' lang='lat' dir='ltr'><strong>credas</strong></span> <span class='ocrx_word' id='word_1_25' title='bbox 801 1001 920 1050; x_wconf 88' lang='lat' dir='ltr'><strong>versus</strong></span> <span class='ocrx_word' id='word_1_26' title='bbox 933 980 1023 1058; x_wconf 89' lang='lat' dir='ltr'><strong>illos,</strong></span> <span class='ocrx_word' id='word_1_27' title='bbox 1054 979 1111 1067; x_wconf 84' lang='lat' dir='ltr'><strong>qni</strong></span> <span class='ocrx_word' id='word_1_28' title='bbox 1128 977 1245 1046; x_wconf 88' lang='lat' dir='ltr'><strong>divino</strong></span> <span class='ocrx_word' id='word_1_29' title='bbox 1260 998 1371 1067; x_wconf 93' lang='lat' dir='ltr'><strong>prope</strong></span> 
     </span>
     <span class='ocr_line' id='line_1_6' title="bbox 345 1084 1368 1181; baseline -0.009 -21"><span class='ocrx_word' id='word_1_30' title='bbox 345 1094 466 1181; x_wconf 91' lang='lat' dir='ltr'><strong>spiritu</strong></span> <span class='ocrx_word' id='word_1_31' title='bbox 494 1091 644 1159; x_wconf 82' lang='lat' dir='ltr'><strong>instincti</strong></span> <span class='ocrx_word' id='word_1_32' title='bbox 665 1111 709 1158; x_wconf 90' lang='lat' dir='ltr'><strong>ne</strong></span> <span class='ocrx_word' id='word_1_33' title='bbox 723 1089 917 1157; x_wconf 83' lang='lat' dir='ltr'><strong>christianis</strong></span> <span class='ocrx_word' id='word_1_34' title='bbox 945 1086 1085 1175; x_wconf 86' lang='lat' dir='ltr'><strong>quidem</strong></span> <span class='ocrx_word' id='word_1_35' title='bbox 1114 1088 1217 1154; x_wconf 72' lang='lat' dir='ltr'><strong>sacris</strong></span> <span class='ocrx_word' id='word_1_36' title='bbox 1242 1084 1368 1153; x_wconf 89' lang='lat' dir='ltr'><strong>absoni</strong></span> 
     </span>
     <span class='ocr_line' id='line_1_7' title="bbox 348 1198 575 1268; baseline -0.004 -2"><span class='ocrx_word' id='word_1_37' title='bbox 348 1198 546 1268; x_wconf 87' lang='lat' dir='ltr'><strong>viderentur</strong></span> <span class='ocrx_word' id='word_1_38' title='bbox 569 1224 575 1265; x_wconf 93' lang='lat'>:</span> 
     </span>
    </p>
   </div>
   <div class='ocr_carea' id='block_1_3' title="bbox 570 1371 1024 1562">
    <p class='ocr_par' dir='ltr' id='par_1_3' title="bbox 570 1371 1024 1562">
     <span class='ocr_line' id='line_1_8' title="bbox 570 1371 1018 1464; baseline -0.004 -20"><span class='ocrx_word' id='word_1_39' title='bbox 570 1371 609 1444; x_wconf 65' lang='lat' dir='ltr'><strong>lfa</strong></span> <span class='ocrx_word' id='word_1_40' title='bbox 626 1391 677 1464; x_wconf 72' lang='grc' dir='ltr'><strong>γὰρ</strong></span> <span class='ocrx_word' id='word_1_41' title='bbox 694 1391 772 1464; x_wconf 70' lang='grc' dir='ltr'>ληφθῇ</span> <span class='ocrx_word' id='word_1_42' title='bbox 788 1385 893 1463; x_wconf 78' lang='grc' dir='ltr'>δράσας</span> <span class='ocrx_word' id='word_1_43' title='bbox 911 1387 1018 1447; x_wconf 75' lang='grc' dir='ltr'><strong>ἀνόσια,</strong></span> 
     </span>
     <span class='ocr_line' id='line_1_9' title="bbox 574 1485 1024 1562; baseline -0.009 -20"><span class='ocrx_word' id='word_1_44' title='bbox 574 1490 654 1542; x_wconf 73' lang='lat' dir='ltr'><strong>Adon</strong></span> <span class='ocrx_word' id='word_1_45' title='bbox 669 1506 695 1540; x_wconf 81' lang='grc' dir='ltr'><strong>τε</strong></span> <span class='ocrx_word' id='word_1_46' title='bbox 709 1485 782 1546; x_wconf 82' lang='grc' dir='ltr'>δίκην</span> <span class='ocrx_word' id='word_1_47' title='bbox 800 1489 844 1542; x_wconf 82' lang='grc' dir='ltr'><strong>καὶ</strong></span> <span class='ocrx_word' id='word_1_48' title='bbox 859 1487 926 1562; x_wconf 79' lang='grc' dir='ltr'><strong>πρὸς</strong></span> <span class='ocrx_word' id='word_1_49' title='bbox 941 1488 1024 1558; x_wconf 77' lang='grc' dir='ltr'>τούτῳ</span> 
     </span>
    </p>
   </div>
   <div class='ocr_carea' id='block_1_4' title="bbox 572 1581 949 1648">
    <p class='ocr_par' dir='ltr' id='par_1_4' title="bbox 572 1581 949 1648">
     <span class='ocr_line' id='line_1_10' title="bbox 572 1581 949 1648; baseline -0.011 -6"><span class='ocrx_word' id='word_1_50' title='bbox 572 1595 635 1647; x_wconf 87' lang='grc' dir='ltr'><em>Τοῖς</em></span> <span class='ocrx_word' id='word_1_51' title='bbox 651 1581 738 1648; x_wconf 62' lang='grc' dir='ltr'>ἄλλοις</span> <span class='ocrx_word' id='word_1_52' title='bbox 755 1585 855 1640; x_wconf 75' lang='grc' dir='ltr'><em>ἅπασιν</em></span> <span class='ocrx_word' id='word_1_53' title='bbox 872 1583 949 1638; x_wconf 79' lang='grc' dir='ltr'>ἔσται</span> 
     </span>
    </p>
   </div>
   <div class='ocr_carea' id='block_1_5' title="bbox 572 1679 1104 1761">
    <p class='ocr_par' dir='ltr' id='par_1_5' title="bbox 572 1679 1104 1761">
     <span class='ocr_line' id='line_1_11' title="bbox 572 1679 1104 1761; baseline -0.002 -22"><span class='ocrx_word' id='word_1_54' title='bbox 572 1682 733 1761; x_wconf 73' lang='lat' dir='ltr'><strong>llapdderyp’</strong></span> <span class='ocrx_word' id='word_1_55' title='bbox 748 1684 842 1759; x_wconf 66' lang='grc' dir='ltr'>ὗῧρεως</span> <span class='ocrx_word' id='word_1_56' title='bbox 862 1681 955 1737; x_wconf 75' lang='grc' dir='ltr'>ἀδίκων</span> <span class='ocrx_word' id='word_1_57' title='bbox 974 1679 995 1735; x_wconf 72' lang='grc' dir='ltr'><strong>τ’</strong></span> <span class='ocrx_word' id='word_1_58' title='bbox 1011 1681 1104 1758; x_wconf 68' lang='grc' dir='ltr'><em>ἔργων.</em></span> 
     </span>
    </p>
   </div>
   <div class='ocr_carea' id='block_1_6' title="bbox 568 1783 1036 2045">
    <p class='ocr_par' dir='ltr' id='par_1_6' title="bbox 568 1783 1036 2045">
     <span class='ocr_line' id='line_1_12' title="bbox 648 1783 910 1857; baseline -0.019 -18"><span class='ocrx_word' id='word_1_59' title='bbox 648 1786 729 1839; x_wconf 72' lang='lat' dir='ltr'><strong>Adina</strong></span> <span class='ocrx_word' id='word_1_60' title='bbox 746 1804 771 1836; x_wconf 83' lang='grc' dir='ltr'><strong>τε</strong></span> <span class='ocrx_word' id='word_1_61' title='bbox 786 1783 888 1857; x_wconf 75' lang='grc' dir='ltr'>τρόπων</span> <span class='ocrx_word' id='word_1_62' title='bbox 903 1795 910 1808; x_wconf 87' lang='grc'><em>“</em></span> 
     </span>
     <span class='ocr_line' id='line_1_13' title="bbox 568 1878 1036 1956; baseline -0.004 -18"><span class='ocrx_word' id='word_1_63' title='bbox 568 1887 647 1942; x_wconf 70' lang='lat' dir='ltr'><strong>&lt;baina</strong></span> <span class='ocrx_word' id='word_1_64' title='bbox 666 1878 689 1936; x_wconf 72' lang='grc' dir='ltr'><strong>δ’</strong></span> <span class='ocrx_word' id='word_1_65' title='bbox 702 1878 770 1935; x_wconf 77' lang='grc' dir='ltr'>εἶναι’</span> <span class='ocrx_word' id='word_1_66' title='bbox 784 1903 810 1935; x_wconf 85' lang='grc' dir='ltr'><strong>τε</strong></span> <span class='ocrx_word' id='word_1_67' title='bbox 827 1884 898 1942; x_wconf 74' lang='grc' dir='ltr'><em>θεοὺς</em></span> <span class='ocrx_word' id='word_1_68' title='bbox 912 1887 1036 1956; x_wconf 80' lang='grc' dir='ltr'>φανερῶς.</span> 
     </span>
     <span class='ocr_line' id='line_1_14' title="bbox 692 1975 870 2045; baseline -0.006 -12"><span class='ocrx_word' id='word_1_69' title='bbox 692 1983 771 2045; x_wconf 76' lang='grc' dir='ltr'>Λείξει</span> <span class='ocrx_word' id='word_1_70' title='bbox 786 2001 801 2032; x_wconf 92' lang='grc' dir='ltr'>τ</span> <span class='ocrx_word' id='word_1_71' title='bbox 822 1975 870 2038; x_wconf 77' lang='grc' dir='ltr'><strong>ἤδη</strong></span> 
     </span>
    </p>
   </div>
   <div class='ocr_carea' id='block_1_7' title="bbox 566 2077 1221 2153">
    <p class='ocr_par' dir='ltr' id='par_1_7' title="bbox 566 2077 1221 2153">
     <span class='ocr_line' id='line_1_15' title="bbox 566 2077 1221 2153; baseline 0 -21"><span class='ocrx_word' id='word_1_72' title='bbox 566 2085 651 2134; x_wconf 83' lang='grc' dir='ltr'><strong>Πᾶσιν</strong></span> <span class='ocrx_word' id='word_1_73' title='bbox 670 2081 815 2152; x_wconf 80' lang='grc' dir='ltr'>ἀνθρώποις</span> <span class='ocrx_word' id='word_1_74' title='bbox 832 2080 936 2142; x_wconf 56' lang='lat' dir='ltr'><strong>aeditus</strong></span> <span class='ocrx_word' id='word_1_75' title='bbox 954 2077 1094 2153; x_wconf 70' lang='grc' dir='ltr'><em>δαίμονας,</em></span> <span class='ocrx_word' id='word_1_76' title='bbox 1113 2101 1137 2134; x_wconf 86' lang='grc' dir='ltr'><strong>κ.</strong></span> <span class='ocrx_word' id='word_1_77' title='bbox 1155 2097 1179 2134; x_wconf 91' lang='grc' dir='ltr'><strong>τ.</strong></span> <span class='ocrx_word' id='word_1_78' title='bbox 1197 2079 1221 2132; x_wconf 80' lang='grc' dir='ltr'><strong>λ.</strong></span> 
     </span>
    </p>
   </div>
   <div class='ocr_carea' id='block_1_8' title="bbox 287 2295 1367 3994">
    <p class='ocr_par' dir='ltr' id='par_1_8' title="bbox 287 2295 1366 3136">
     <span class='ocr_line' id='line_1_16' title="bbox 392 2295 1364 2377; baseline -0.002 -13"><span class='ocrx_word' id='word_1_79' title='bbox 392 2295 561 2366; x_wconf 87' lang='lat' dir='ltr'><strong>lneadern</strong></span> <span class='ocrx_word' id='word_1_80' title='bbox 578 2297 634 2364; x_wconf 89' lang='lat' dir='ltr'><strong>illa</strong></span> <span class='ocrx_word' id='word_1_81' title='bbox 662 2297 775 2364; x_wconf 84' lang='lat' dir='ltr'><strong>fabula</strong></span> <span class='ocrx_word' id='word_1_82' title='bbox 806 2299 921 2377; x_wconf 87' lang='lat' dir='ltr'><strong>Diana,</strong></span> <span class='ocrx_word' id='word_1_83' title='bbox 949 2299 1048 2376; x_wconf 86' lang='lat' dir='ltr'><strong>luno,</strong></span> <span class='ocrx_word' id='word_1_84' title='bbox 1076 2297 1261 2364; x_wconf 86' lang='lat' dir='ltr'><strong>Mercurius</strong></span> <span class='ocrx_word' id='word_1_85' title='bbox 1286 2318 1364 2364; x_wconf 87' lang='lat' dir='ltr'><strong>oum</strong></span> 
     </span>
     <span class='ocr_line' id='line_1_17' title="bbox 348 2403 1366 2494; baseline -0.002 -22"><span class='ocrx_word' id='word_1_86' title='bbox 348 2408 438 2474; x_wconf 89' lang='lat' dir='ltr'><strong>Pane</strong></span> <span class='ocrx_word' id='word_1_87' title='bbox 459 2412 492 2473; x_wconf 90' lang='lat' dir='ltr'><strong>et</strong></span> <span class='ocrx_word' id='word_1_88' title='bbox 508 2405 689 2494; x_wconf 67' lang='lat' dir='ltr'><strong>Nymphis</strong></span> <span class='ocrx_word' id='word_1_89' title='bbox 701 2405 852 2471; x_wconf 87' lang='lat' dir='ltr'><strong>Bacchus</strong></span> <span class='ocrx_word' id='word_1_90' title='bbox 866 2404 1014 2492; x_wconf 89' lang='lat' dir='ltr'><strong>denique</strong></span> <span class='ocrx_word' id='word_1_91' title='bbox 1033 2405 1235 2471; x_wconf 89' lang='lat' dir='ltr'><strong>chorearum</strong></span> <span class='ocrx_word' id='word_1_92' title='bbox 1252 2403 1320 2471; x_wconf 85' lang='lat' dir='ltr'><strong>dux</strong></span> <span class='ocrx_word' id='word_1_93' title='bbox 1332 2412 1366 2472; x_wconf 89' lang='lat' dir='ltr'><strong>et</strong></span> 
     </span>
     <span class='ocr_line' id='line_1_18' title="bbox 331 2511 1362 2601; baseline -0.003 -20"><span class='ocrx_word' id='word_1_94' title='bbox 331 2513 525 2596; x_wconf 52' lang='lat' dir='ltr'><strong>,oomoediae</strong></span> <span class='ocrx_word' id='word_1_95' title='bbox 539 2518 715 2601; x_wconf 86' lang='lat' dir='ltr'><strong>patronus,</strong></span> <span class='ocrx_word' id='word_1_96' title='bbox 730 2513 868 2598; x_wconf 82' lang='lat' dir='ltr'><strong>hymnis</strong></span> <span class='ocrx_word' id='word_1_97' title='bbox 881 2511 1109 2600; x_wconf 84' lang='lat' dir='ltr'><strong>praedicantur</strong></span> <span class='ocrx_word' id='word_1_98' title='bbox 1125 2511 1337 2579; x_wconf 86' lang='lat' dir='ltr'><strong>solemnibus</strong></span> <span class='ocrx_word' id='word_1_99' title='bbox 1354 2535 1362 2590; x_wconf 90' lang='grc'>;</span> 
     </span>
     <span class='ocr_line' id='line_1_19' title="bbox 287 2617 1365 2707; baseline -0.004 -19"><span class='ocrx_word' id='word_1_100' title='bbox 287 2617 292 2626; x_wconf 83' lang='lat'>&#39;</span> <span class='ocrx_word' id='word_1_101' title='bbox 349 2620 429 2688; x_wconf 90' lang='lat' dir='ltr'><strong>deiu</strong></span> <span class='ocrx_word' id='word_1_102' title='bbox 444 2620 508 2688; x_wconf 89' lang='lat' dir='ltr'><strong>sub</strong></span> <span class='ocrx_word' id='word_1_103' title='bbox 526 2619 607 2698; x_wconf 90' lang='lat' dir='ltr'><strong>fine,</strong></span> <span class='ocrx_word' id='word_1_104' title='bbox 631 2638 674 2686; x_wconf 89' lang='lat' dir='ltr'><strong>ne</strong></span> <span class='ocrx_word' id='word_1_105' title='bbox 693 2618 803 2686; x_wconf 92' lang='lat' dir='ltr'><strong>ullum</strong></span> <span class='ocrx_word' id='word_1_106' title='bbox 820 2620 1000 2707; x_wconf 82' lang='lat' dir='ltr'><strong>gentilium</strong></span> <span class='ocrx_word' id='word_1_107' title='bbox 1024 2619 1206 2685; x_wconf 90' lang='lat' dir='ltr'><strong>numinum</strong></span> <span class='ocrx_word' id='word_1_108' title='bbox 1225 2625 1365 2707; x_wconf 84' lang='lat' dir='ltr'><strong>praeter-</strong></span> 
     </span>
     <span class='ocr_line' id='line_1_20' title="bbox 347 2725 1365 2814; baseline -0.002 -21"><span class='ocrx_word' id='word_1_109' title='bbox 347 2727 503 2794; x_wconf 87' lang='lat' dir='ltr'><strong>mittatur</strong></span> <span class='ocrx_word' id='word_1_110' title='bbox 528 2746 547 2792; x_wconf 92' lang='lat' dir='ltr'><strong>a</strong></span> <span class='ocrx_word' id='word_1_111' title='bbox 577 2730 688 2814; x_wconf 85' lang='lat' dir='ltr'><strong>poeta,</strong></span> <span class='ocrx_word' id='word_1_112' title='bbox 715 2725 855 2803; x_wconf 85' lang='lat' dir='ltr'><strong>Palladi,</strong></span> <span class='ocrx_word' id='word_1_113' title='bbox 879 2726 1090 2814; x_wconf 82' lang='lat' dir='ltr'><strong>Proserpinae</strong></span> <span class='ocrx_word' id='word_1_114' title='bbox 1118 2731 1220 2812; x_wconf 87' lang='lat' dir='ltr'><strong>atque</strong></span> <span class='ocrx_word' id='word_1_115' title='bbox 1254 2726 1365 2794; x_wconf 84' lang='lat' dir='ltr'><strong>Cereri</strong></span> 
     </span>
     <span class='ocr_line' id='line_1_21' title="bbox 349 2831 1366 2920; baseline -0.002 -20"><span class='ocrx_word' id='word_1_116' title='bbox 349 2853 432 2901; x_wconf 91' lang='lat' dir='ltr'><strong>snus</strong></span> <span class='ocrx_word' id='word_1_117' title='bbox 452 2833 574 2920; x_wconf 87' lang='lat' dir='ltr'><strong>cuique</strong></span> <span class='ocrx_word' id='word_1_118' title='bbox 596 2831 755 2900; x_wconf 89' lang='lat' dir='ltr'><strong>tribuitur</strong></span> <span class='ocrx_word' id='word_1_119' title='bbox 775 2832 899 2911; x_wconf 87' lang='lat' dir='ltr'><strong>honos,</strong></span> <span class='ocrx_word' id='word_1_120' title='bbox 920 2853 998 2900; x_wconf 91' lang='lat' dir='ltr'><strong>cum</strong></span> <span class='ocrx_word' id='word_1_121' title='bbox 1028 2836 1120 2902; x_wconf 90' lang='lat' dir='ltr'><strong>tanta</strong></span> <span class='ocrx_word' id='word_1_122' title='bbox 1145 2833 1308 2901; x_wconf 85' lang='lat' dir='ltr'><strong>varietate</strong></span> <span class='ocrx_word' id='word_1_123' title='bbox 1332 2840 1366 2900; x_wconf 89' lang='lat' dir='ltr'><strong>et</strong></span> 
     </span>
     <span class='ocr_line' id='line_1_22' title="bbox 348 2939 1366 3030; baseline -0.002 -22"><span class='ocrx_word' id='word_1_124' title='bbox 348 2940 455 3028; x_wconf 88' lang='lat' dir='ltr'><strong>copia,</strong></span> <span class='ocrx_word' id='word_1_125' title='bbox 471 2945 509 3006; x_wconf 93' lang='lat' dir='ltr'><strong>ut</strong></span> <span class='ocrx_word' id='word_1_126' title='bbox 525 2940 581 3006; x_wconf 80' lang='lat' dir='ltr'><strong>vix</strong></span> <span class='ocrx_word' id='word_1_127' title='bbox 596 2940 740 3029; x_wconf 83' lang='lat' dir='ltr'><strong>intelligi</strong></span> <span class='ocrx_word' id='word_1_128' title='bbox 755 2942 863 3030; x_wconf 87' lang='lat' dir='ltr'><strong>possit</strong></span> <span class='ocrx_word' id='word_1_129' title='bbox 873 2941 915 3006; x_wconf 88' lang='lat' dir='ltr'><strong>ah</strong></span> <span class='ocrx_word' id='word_1_130' title='bbox 927 2940 1047 3009; x_wconf 89' lang='lat' dir='ltr'><strong>eodem</strong></span> <span class='ocrx_word' id='word_1_131' title='bbox 1059 2947 1158 3030; x_wconf 86' lang='lat' dir='ltr'><strong>poeta</strong></span> <span class='ocrx_word' id='word_1_132' title='bbox 1181 2939 1215 3009; x_wconf 88' lang='lat' dir='ltr'><strong>in</strong></span> <span class='ocrx_word' id='word_1_133' title='bbox 1225 2939 1366 3008; x_wconf 87' lang='lat' dir='ltr'><strong>eosdem</strong></span> 
     </span>
     <span class='ocr_line' id='line_1_23' title="bbox 348 3047 1184 3136; baseline 0 -23"><span class='ocrx_word' id='word_1_134' title='bbox 348 3047 432 3116; x_wconf 90' lang='lat' dir='ltr'><strong>deos</strong></span> <span class='ocrx_word' id='word_1_135' title='bbox 452 3047 553 3115; x_wconf 91' lang='lat' dir='ltr'><strong>toties</strong></span> <span class='ocrx_word' id='word_1_136' title='bbox 574 3047 693 3115; x_wconf 91' lang='lat' dir='ltr'><strong>ultima</strong></span> <span class='ocrx_word' id='word_1_137' title='bbox 718 3048 871 3115; x_wconf 84' lang='lat' dir='ltr'><strong>convicia</strong></span> <span class='ocrx_word' id='word_1_138' title='bbox 890 3048 997 3115; x_wconf 89' lang='lat' dir='ltr'><strong>fuisse</strong></span> <span class='ocrx_word' id='word_1_139' title='bbox 1012 3053 1184 3136; x_wconf 89' lang='lat' dir='ltr'><strong>congesta.</strong></span> 
     </span>
    </p>

    <p class='ocr_par' dir='ltr' id='par_1_9' title="bbox 341 3155 1367 3994">
     <span class='ocr_line' id='line_1_24' title="bbox 392 3155 1367 3243; baseline -0.002 -21"><span class='ocrx_word' id='word_1_140' title='bbox 392 3157 552 3222; x_wconf 84' lang='lat' dir='ltr'><strong>Attamen</strong></span> <span class='ocrx_word' id='word_1_141' title='bbox 591 3155 803 3242; x_wconf 82' lang='lat' dir='ltr'><strong>hymnorum</strong></span> <span class='ocrx_word' id='word_1_142' title='bbox 828 3155 966 3222; x_wconf 92' lang='lat' dir='ltr'><strong>illorum</strong></span> <span class='ocrx_word' id='word_1_143' title='bbox 994 3155 1259 3243; x_wconf 85' lang='lat' dir='ltr'><strong>magnificentia,</strong></span> <span class='ocrx_word' id='word_1_144' title='bbox 1297 3155 1367 3222; x_wconf 90' lang='lat' dir='ltr'><strong>leni</strong></span> 
     </span>
     <span class='ocr_line' id='line_1_25' title="bbox 342 3261 1367 3351; baseline 0 -21"><span class='ocrx_word' id='word_1_145' title='bbox 342 3264 421 3351; x_wconf 86' lang='lat' dir='ltr'><strong>joco</strong></span> <span class='ocrx_word' id='word_1_146' title='bbox 443 3268 641 3350; x_wconf 84' lang='lat' dir='ltr'><strong>temperata,</strong></span> <span class='ocrx_word' id='word_1_147' title='bbox 661 3279 699 3327; x_wconf 90' lang='lat' dir='ltr'><strong>ea</strong></span> <span class='ocrx_word' id='word_1_148' title='bbox 726 3267 778 3328; x_wconf 87' lang='lat' dir='ltr'><strong>est</strong></span> <span class='ocrx_word' id='word_1_149' title='bbox 801 3268 838 3328; x_wconf 89' lang='lat' dir='ltr'><strong>ut</strong></span> <span class='ocrx_word' id='word_1_150' title='bbox 863 3261 1040 3329; x_wconf 80' lang='lat' dir='ltr'><strong>comoediae</strong></span> <span class='ocrx_word' id='word_1_151' title='bbox 1060 3261 1163 3329; x_wconf 89' lang='lat' dir='ltr'><strong>simul</strong></span> <span class='ocrx_word' id='word_1_152' title='bbox 1190 3262 1367 3351; x_wconf 90' lang='lat' dir='ltr'><strong>proposito</strong></span> 
     </span>
     <span class='ocr_line' id='line_1_26' title="bbox 345 3367 1365 3457; baseline 0.002 -21"><span class='ocrx_word' id='word_1_153' title='bbox 345 3367 560 3457; x_wconf 88' lang='lat' dir='ltr'><strong>respondeat,</strong></span> <span class='ocrx_word' id='word_1_154' title='bbox 578 3373 611 3434; x_wconf 91' lang='lat' dir='ltr'><strong>et</strong></span> <span class='ocrx_word' id='word_1_155' title='bbox 626 3368 963 3455; x_wconf 83' lang='lat' dir='ltr'><strong>quamvisfestivam,</strong></span> <span class='ocrx_word' id='word_1_156' title='bbox 981 3368 1158 3437; x_wconf 90' lang='lat' dir='ltr'><strong>decentem</strong></span> <span class='ocrx_word' id='word_1_157' title='bbox 1177 3375 1292 3437; x_wconf 90' lang='lat' dir='ltr'><strong>tamen</strong></span> <span class='ocrx_word' id='word_1_158' title='bbox 1309 3390 1365 3438; x_wconf 91' lang='lat' dir='ltr'><strong>sa-</strong></span> 
     </span>
     <span class='ocr_line' id='line_1_27' title="bbox 345 3473 1361 3565; baseline 0.003 -23"><span class='ocrx_word' id='word_1_159' title='bbox 345 3473 641 3563; x_wconf 85' lang='lat' dir='ltr'><strong>crorumpraebeat</strong></span> <span class='ocrx_word' id='word_1_160' title='bbox 675 3475 871 3562; x_wconf 88' lang='lat' dir='ltr'><strong>imaginem.</strong></span> <span class='ocrx_word' id='word_1_161' title='bbox 900 3476 949 3543; x_wconf 88' lang='lat' dir='ltr'><strong>lta</strong></span> <span class='ocrx_word' id='word_1_162' title='bbox 976 3476 1066 3565; x_wconf 87' lang='lat' dir='ltr'><strong>apud</strong></span> <span class='ocrx_word' id='word_1_163' title='bbox 1096 3477 1361 3565; x_wconf 85' lang='lat' dir='ltr'><strong>Aristophanem</strong></span> 
     </span>
     <span class='ocr_line' id='line_1_28' title="bbox 348 3581 1365 3672; baseline 0.003 -23"><span class='ocrx_word' id='word_1_164' title='bbox 348 3602 484 3671; x_wconf 90' lang='lat' dir='ltr'><strong>quoque</strong></span> <span class='ocrx_word' id='word_1_165' title='bbox 497 3581 584 3649; x_wconf 89' lang='lat' dir='ltr'><strong>sicut</strong></span> <span class='ocrx_word' id='word_1_166' title='bbox 604 3581 695 3671; x_wconf 91' lang='lat' dir='ltr'><strong>apud</strong></span> <span class='ocrx_word' id='word_1_167' title='bbox 709 3582 874 3651; x_wconf 86' lang='lat' dir='ltr'><strong>Gallicum</strong></span> <span class='ocrx_word' id='word_1_168' title='bbox 894 3586 968 3672; x_wconf 87' lang='lat' dir='ltr'><strong>ejus</strong></span> <span class='ocrx_word' id='word_1_169' title='bbox 985 3584 1191 3653; x_wconf 89' lang='lat' dir='ltr'><strong>imitatorem</strong></span> <span class='ocrx_word' id='word_1_170' title='bbox 1204 3591 1237 3653; x_wconf 91' lang='lat' dir='ltr'><strong>et</strong></span> <span class='ocrx_word' id='word_1_171' title='bbox 1255 3605 1365 3652; x_wconf 86' lang='lat' dir='ltr'><strong>aemu-</strong></span> 
     </span>
     <span class='ocr_line' id='line_1_29' title="bbox 346 3688 1365 3781; baseline 0.004 -25"><span class='ocrx_word' id='word_1_172' title='bbox 346 3691 431 3768; x_wconf 85' lang='lat' dir='ltr'><strong>lum,</strong></span> <span class='ocrx_word' id='word_1_173' title='bbox 458 3688 686 3756; x_wconf 83' lang='lat' dir='ltr'><strong>Rabelaesium</strong></span> <span class='ocrx_word' id='word_1_174' title='bbox 703 3691 841 3772; x_wconf 87' lang='lat' dir='ltr'><strong>scilicet,</strong></span> <span class='ocrx_word' id='word_1_175' title='bbox 865 3691 1097 3760; x_wconf 87' lang='lat' dir='ltr'><strong>diversissima</strong></span> <span class='ocrx_word' id='word_1_176' title='bbox 1120 3711 1266 3781; x_wconf 83' lang='lat' dir='ltr'><strong>quaeque</strong></span> <span class='ocrx_word' id='word_1_177' title='bbox 1281 3712 1365 3776; x_wconf 81' lang='lat' dir='ltr'><strong>con-</strong></span> 
     </span>
     <span class='ocr_line' id='line_1_30' title="bbox 341 3798 1366 3888; baseline 0.004 -25"><span class='ocrx_word' id='word_1_178' title='bbox 341 3798 560 3886; x_wconf 67' lang='lat' dir='ltr'><strong>iunguntur:</strong></span> <span class='ocrx_word' id='word_1_179' title='bbox 581 3822 597 3858; x_wconf 86' lang='lat'>«</span> <span class='ocrx_word' id='word_1_180' title='bbox 612 3816 680 3864; x_wconf 90' lang='lat' dir='ltr'><strong>une</strong></span> <span class='ocrx_word' id='word_1_181' title='bbox 700 3798 828 3866; x_wconf 86' lang='lat' dir='ltr'><strong>morale</strong></span> <span class='ocrx_word' id='word_1_182' title='bbox 842 3798 911 3867; x_wconf 89' lang='lat' dir='ltr'><strong>line</strong></span> <span class='ocrx_word' id='word_1_183' title='bbox 932 3805 966 3867; x_wconf 90' lang='lat' dir='ltr'><strong>et</strong></span> <span class='ocrx_word' id='word_1_184' title='bbox 984 3799 1187 3888; x_wconf 84' lang='lat' dir='ltr'><strong>ingenieuse</strong></span> <span class='ocrx_word' id='word_1_185' title='bbox 1199 3819 1282 3868; x_wconf 88' lang='lat' dir='ltr'><strong>avec</strong></span> <span class='ocrx_word' id='word_1_186' title='bbox 1297 3818 1366 3868; x_wconf 89' lang='lat' dir='ltr'><strong>une</strong></span> 
     </span>
     <span class='ocr_line' id='line_1_31' title="bbox 346 3904 708 3994; baseline -0.014 -22"><span class='ocrx_word' id='word_1_187' title='bbox 346 3904 418 3973; x_wconf 88' lang='lat' dir='ltr'><strong>sale</strong></span> <span class='ocrx_word' id='word_1_188' title='bbox 433 3904 629 3994; x_wconf 83' lang='lat' dir='ltr'><strong>corruption</strong></span> <span class='ocrx_word' id='word_1_189' title='bbox 647 3909 673 3972; x_wconf 76' lang='lat'><strong>2.</strong></span> <span class='ocrx_word' id='word_1_190' title='bbox 691 3931 708 3967; x_wconf 66' lang='lat' dir='ltr'><strong>t&gt;</strong></span> 
     </span>
    </p>
   </div>
   <div class='ocr_carea' id='block_1_9' title="bbox 376 4127 1171 4276">
    <p class='ocr_par' dir='ltr' id='par_1_10' title="bbox 376 4127 1171 4276">
     <span class='ocr_line' id='line_1_32' title="bbox 376 4127 888 4192; baseline 0.006 -16"><span class='ocrx_word' id='word_1_191' title='bbox 376 4127 386 4162; x_wconf 93' lang='lat'>¹</span> <span class='ocrx_word' id='word_1_192' title='bbox 409 4127 509 4187; x_wconf 62' lang='lat' dir='ltr'><strong>Tincam„</strong></span> <span class='ocrx_word' id='word_1_193' title='bbox 527 4131 674 4188; x_wconf 68' lang='lat' dir='ltr'><strong>(ittoiaen.</strong></span> <span class='ocrx_word' id='word_1_194' title='bbox 689 4129 725 4178; x_wconf 80' lang='lat' dir='ltr'><strong>dl.</strong></span> <span class='ocrx_word' id='word_1_195' title='bbox 743 4133 787 4179; x_wconf 80' lang='lat'><strong>715</strong></span> <span class='ocrx_word' id='word_1_196' title='bbox 803 4137 888 4192; x_wconf 86' lang='lat' dir='ltr'><strong>etseq.</strong></span> 
     </span>
     <span class='ocr_line' id='line_1_33' title="bbox 380 4207 1171 4276; baseline 0.008 -20"><span class='ocrx_word' id='word_1_197' title='bbox 380 4207 445 4256; x_wconf 76' lang='lat' dir='ltr'><strong>’Lu</strong></span> <span class='ocrx_word' id='word_1_198' title='bbox 459 4211 583 4272; x_wconf 74' lang='lat' dir='ltr'><strong>dumus,</strong></span> <span class='ocrx_word' id='word_1_199' title='bbox 600 4213 711 4269; x_wconf 67' lang='lat' dir='ltr'><strong>Coroni..</strong></span> <span class='ocrx_word' id='word_1_200' title='bbox 725 4213 765 4260; x_wconf 89' lang='lat' dir='ltr'><strong>ch.</strong></span> <span class='ocrx_word' id='word_1_201' title='bbox 782 4214 822 4270; x_wconf 74' lang='lat'><strong>1⁸¹,</strong></span> <span class='ocrx_word' id='word_1_202' title='bbox 839 4227 863 4273; x_wconf 86' lang='lat' dir='ltr'><strong>p.</strong></span> <span class='ocrx_word' id='word_1_203' title='bbox 880 4216 917 4262; x_wconf 80' lang='lat'><strong>19.</strong></span> <span class='ocrx_word' id='word_1_204' title='bbox 933 4213 1006 4276; x_wconf 82' lang='lat' dir='ltr'><strong>(Edit.</strong></span> <span class='ocrx_word' id='word_1_205' title='bbox 1024 4215 1171 4276; x_wconf 78' lang='lat' dir='ltr'><strong>(lhossang.)</strong></span> 
     </span>
    </p>
   </div>
   <div class='ocr_carea' id='block_1_10' title="bbox 0 0 1589 5082">
    <p class='ocr_par' dir='ltr' id='par_1_11' title="bbox 0 0 1589 5082">
     <span class='ocr_line' id='line_1_34' title="bbox 0 0 1589 5082; baseline 0 0"><span class='ocrx_word' id='word_1_206' title='bbox 0 0 1589 5082; x_wconf 95' lang='lat' dir='ltr'><strong> </strong></span> 
     </span>
    </p>
   </div>
  </div>
 </body>
</html>
