3156 5082
351 633 454 702 cisset
474 630 691 722 principium,
706 648 827 700 eorum
843 629 968 720 scripta
983 649 1053 700 non
1067 647 1138 700 uno
1151 634 1287 697 tantum
1300 627 1366 698 sub

353 738 517 830 adspectu
545 757 622 808 esse
646 736 833 828 judicanda
862 736 924 808 sed
953 757 1014 828 pro
1045 736 1149 807 variis
1171 736 1367 825 vitaeatque

353 847 464 916 aetatis
490 845 650 928 fortunis,
667 845 933 936 Aristophanem
953 843 1070 914 docuit
1094 843 1139 914 ad
1162 849 1300 934 tempus
1313 861 1368 912 ar·

353 960 424 1024 tem
439 971 538 1020 suam
552 950 731 1032 direxisse,
750 970 822 1020 non
836 970 921 1042 vaga
935 951 1077 1040 quidem
1093 956 1128 1022 et
1143 951 1273 1022 incerta
1296 951 1367 1042 opi-

353 1060 457 1129 nione
487 1058 665 1148 abreptum
696 1091 707 1122 1
738 1071 805 1147 πρὸς
835 1071 881 1128 τὸν
907 1069 1092 1150 εὖπράττοντα
1116 1079 1211 1148 τοῖχον
1230 1071 1259 1143 ¹,
1286 1092 1297 1122 1
1328 1063 1367 1126 ut

353 1165 596 1247 Theramenes,
623 1164 686 1260 sed
705 1163 787 1233 boni
807 1165 892 1234 civis
909 1171 946 1234 et
964 1165 1134 1256 ingeniosi
1152 1166 1215 1235 viri
1233 1164 1366 1257 judicio

353 1275 388 1342 in
403 1279 475 1344 toto
490 1273 569 1342 vitae
583 1280 702 1343 tenore
727 1291 841 1354 usum,
859 1272 906 1342 ita
925 1277 963 1342 ut
981 1293 1119 1364 semper
1137 1272 1172 1340 in
1188 1270 1367 1341 comediis

353 1380 426 1450 suis
441 1399 481 1450 ea
495 1380 643 1450 elevaret
655 1385 715 1450 aut
728 1379 910 1452 extolleret
922 1401 1001 1470 qum
1012 1379 1255 1471 bonopuhlico
1269 1385 1304 1448 et
1317 1378 1367 1447 ci·
1382 1403 1388 1410 -

354 1488 470 1556 vitatis
486 1487 587 1555 saluti
604 1485 796 1556 conducere
817 1485 881 1554 sihi
907 1486 1118 1558 viderentur.

399 1595 472 1662 lam
489 1613 581 1663 nunc
593 1592 813 1662 retinendum
825 1600 878 1662 est
891 1613 912 1661 a
927 1594 1105 1685 principio,
1124 1613 1169 1663 ne
1184 1599 1287 1663 ruant
1302 1593 1366 1661 hu·

349 1703 407 1791 jus
423 1701 536 1792 operis

839 1835 982 1892 subductis
996 1840 1071 1893 tecta
1090 1837 1240 1908 columnis,

351 2012 527 2075 auctorem
545 2010 705 2087 lichiam,
724 2005 788 2073 suh
810 2008 889 2076 vitae
915 2008 1021 2077 flnem
1051 2007 1087 2075 in
1115 2005 1365 2076 Socraticorum

351 2111 579 2182 familiaritate
597 2112 723 2181 vixisse
738 2119 773 2181 et
792 2114 939 2182 comicas
956 2133 1036 2182 suas
1047 2113 1188 2182 facetias
1201 2109 1364 2204 gravissi·

353 2219 418 2288 mis
429 2218 568 2288 illorum
582 2219 763 2288 miscuisse
774 2219 1364 2302 sermonibus;commemorandum
1405 2231 1410 2238 ·

352 2346 491 2416 quoque
518 2327 695 2396 Platonem
728 2325 771 2395 de
798 2334 918 2396 nostro
944 2328 1115 2418 optimum
1142 2324 1235 2395 haud
1256 2325 1365 2394 semel

321 2431 322 2434 ’
352 2433 508 2502 emisisse
520 2433 687 2524 judicium
705 2438 733 2514 ‘²,
750 2439 786 2502 et
805 2433 1071 2502 honestissimas
1090 2433 1139 2502 illi
1159 2435 1195 2502 in
1213 2433 1365 2502 celeber-

350 2539 437 2608 rimo
455 2543 610 2608 Convivia·
624 2539 761 2630 dialogo
780 2547 894 2631 partes
916 2539 1090 2609 tribuisse.
1110 2539 1206 2610 Unde
1218 2560 1291 2608 non
1310 2559 1363 2608 so·

350 2645 425 2712 lum
439 2653 552 2735 potest
565 2647 679 2737 colligi
708 2648 822 2716 nullas
847 2649 932 2738 jam,
954 2648 984 2716 sl
1013 2667 1091 2737 quae
1119 2667 1274 2737 unquam
1288 2646 1363 2716 fue·

350 2757 443 2833 runt,
461 2753 495 2820 in
510 2753 658 2820 Socratis
674 2771 866 2836 censorem,
881 2755 1037 2846 piissimo
1051 2754 1220 2846 discipulo
1231 2773 1364 2823 reman-

351 2859 438 2927 sisse
453 2859 659 2942 inimicitias,
686 2859 748 2928 sed
776 2860 865 2932 inter
886 2868 1023 2952 poetam
1048 2861 1365 2953 philosophumque

351 2969 550 3037 communia
565 2967 724 3057 quaedam
744 2969 852 3038 fuisse
865 2969 990 3052 studia,
1004 2972 1051 3040 ita
1065 2977 1104 3039 ut
1120 2971 1272 3040 comicus
1287 2987 1363 3038 sua-

351 3074 456 3144 vitate
469 3075 598 3166 ingenii
609 3077 853 3166 gravissimum
866 3078 978 3146 virum
1000 3077 1197 3160 delectaret,
1214 3079 1289 3168 ipsc
1307 3097 1363 3146 se·

350 3180 399 3248 rie
423 3183 531 3250 multa
554 3180 724 3252 edisceret
754 3204 902 3272 quorum
930 3185 1075 3274 vestigia
1089 3185 1125 3254 in
1140 3185 1272 3254 ultimis
1288 3184 1364 3273 ejus

349 3287 474 3357 fabulis
486 3288 699 3379 deprehendi
711 3298 869 3380 possunt.

394 3397 642 3484 Anaxagoram,
660 3396 853 3481 Prodicum,
877 3399 1075 3491 Euripidem
1095 3399 1272 3490 sapientire
1288 3398 1363 3467 lau·

348 3508 472 3582 torem,
490 3503 661 3572 Socratem
677 3509 712 3572 et
730 3510 863 3574 eeteros
878 3507 1038 3596 virosqui
1052 3507 1289 3600 sophistarum
1304 3511 1364 3575 aut

346 3753 347 3756 ’
382 3741 391 3776 ¹
405 3743 476 3806 lica,
495 3744 540 3793 tal
552 3750 576 3793 et
586 3757 637 3808 seq.

380 3821 393 3858 ¹
409 3824 569 3874 unanimum
582 3830 619 3876 est
630 3827 785 3889 epigramma
798 3846 805 3878 :

521 3917 551 3968 Al
564 3917 664 3983 Χάριτες
676 3919 813 3982 adportari
827 3923 920 3982 Maia,
933 3919 996 3988 ὅπιρ
1012 3921 1067 3990 οὐχὶ
1079 3929 1191 3978 amiras

521 3998 649 4063 Διζόμιναι
663 4001 744 4065 ψυχὴν
757 4000 829 4067 εὗρον
849 4000 1046 4068 Ἀριστοφάνους.

379 4098 538 4158 (onumen,
551 4099 604 4146 Vita
617 4095 691 4158 Ptol.)
704 4101 799 4160 lle-quo
811 4102 863 4150 vid.
878 4103 1024 4160 hnmana,
1037 4115 1078 4162 op.
1091 4102 1144 4162 cil„
1158 4105 1195 4160 lc,
1209 4107 1233 4152 st
1244 4104 1270 4152 c.
1283 4103 1359 4162 licor,

351 4190 393 4236 op.
412 4179 464 4236 cia,
478 4177 516 4226 72.
531 4177 640 4228 Correxit
654 4179 695 4227 hia
704 4180 828 4243 κόψαι
839 4182 975 4242 011111μῆ
988 4185 1112 4242 ζητοῦσα.
