3156 5082
629 517 789 578 -123-

201 644 364 744 diximus,
381 663 557 712 moremur
575 649 599 724 ¹,
617 664 662 712 ne
676 645 823 712 nimium
846 662 983 734 quoque
1003 641 1154 711 convicia
1179 641 1214 710 iu

201 752 405 820 Mercurium
418 753 561 840 ejusque
574 752 716 818 nomine
730 751 766 818 in
782 751 967 840 Olympum
979 756 1142 839 congesta
1156 739 1214 816 ur-

201 877 343 948 geamus
361 862 386 936 ²,
405 856 529 945 quibus
549 877 618 926 non
635 858 762 926 leviora
779 857 814 924 in
831 862 915 923 Pare
937 862 1124 948 Aethonque
1143 858 1214 944 jam

202 985 304 1055 supra
321 965 575 1046 adnotavimus
598 985 714 1032 noune
729 965 835 1032 totius
859 963 984 1034 fabulae
1000 965 1212 1054 propositum

201 1075 237 1142 in
250 1073 343 1141 lovis
358 1091 438 1138 oum
455 1075 553 1138 Pluto
568 1073 822 1160 comparatione
853 1073 992 1152 comica,
1008 1093 1111 1161 quam
1134 1091 1214 1141 vere

203 1177 478 1269 philosophicam
498 1198 618 1246 vocare
637 1179 728 1258 lieet,
749 1183 928 1248 versatur?
956 1180 1025 1246 Etsi
1055 1179 1163 1248 multa
1178 1178 1213 1245 iu

204 1284 394 1353 haofahula
412 1303 431 1350 a
448 1284 557 1372 priore
574 1284 712 1374 iugenio
741 1283 1005 1372 Aristophanem
1033 1283 1214 1352 deflexisse

203 1391 452 1470 demonstrant,
466 1391 611 1480 juvenili
625 1391 738 1460 adhue
746 1391 867 1480 spiritu
877 1392 912 1458 in
927 1371 1110 1480 imperium
1120 1391 1213 1459 lovis

203 1497 337 1567 videtur
357 1498 515 1587 grassari,
538 1499 594 1566 cui
615 1498 767 1566 effictum
788 1495 985 1566 divitiarum
1010 1497 1113 1567 deum
1129 1498 1216 1566 auti·

202 1627 270 1696 quo
298 1626 404 1696 regno
430 1626 667 1676 successurum
683 1608 825 1696 opponit
841 1609 868 1674 ³.
898 1606 1121 1674 lusimulatur
1145 1606 1214 1696 pri-

202 1734 298 1782 mum
327 1712 468 1802 Jupiter,
487 1733 557 1780 non
586 1715 716 1782 comice
736 1720 868 1782 tantum
885 1713 946 1782 sed
968 1732 1029 1803 per
1046 1711 1213 1781 tumidam

203 1820 473 1910 indignationem
497 1819 588 1908 quod
615 1821 649 1914 in
677 1821 768 1888 viros
793 1821 918 1909 probos
942 1821 1091 1910 maligno
1111 1825 1214 1908 atque

200 1928 368 1996 invidiose
383 1947 420 1994 se
444 1934 550 2016 gerat,
570 1930 628 2017 qui
655 1929 791 1998 Plutum
816 1929 997 1996 ooraeoavit
1026 1933 1060 1996 et
1074 1926 1212 1994 divitias

201 2036 439 2124 indignissimo
467 2036 588 2124 cuique
611 2036 753 2126 largitus
772 2043 824 2104 est
843 2035 868 2104 ⁴.
895 2035 1026 2106 Deinde
1051 2034 1213 2102 dubitan-

201 2148 271 2210 tem
284 2141 423 2209 Plutum
439 2147 473 2209 et
490 2143 582 2210 lovis
601 2149 693 2211 metu
724 2151 939 2214 recusantem
962 2141 1149 2233 quominus
1162 2142 1214 2208 vi·

201 2269 278 2316 sum
304 2248 453 2336 recipiat,
495 2248 677 2316 confirmat
709 2251 910 2339 Chremylus
943 2247 1213 2318 demonstrando

199 2375 332 2444 aequom
362 2355 469 2444 ipsius
485 2360 690 2442 potestatem
705 2363 739 2424 et
759 2357 945 2448 benignam
973 2355 1210 2444 Olympiorum
1314 2341 1318 2350 ’

200 2461 380 2550 tyrannide
399 2462 507 2529 multo
533 2460 700 2550 potiorem
715 2461 800 2532 fore.
831 2465 968 2534 Venalis
996 2469 1049 2532 est
1069 2462 1210 2550 Jupiter,

200 2575 331 2658 quaestu
347 2568 531 2656 placabilia,
548 2573 686 2657 propter
700 2577 870 2657 quaestum
897 2571 1099 2638 sollicitatus
1117 2592 1125 2648 ;
1155 2568 1212 2655 qui

199 2676 227 2742 si
241 2655 434 2763 divitiarum
447 2674 700 2764 largiendorum
712 2677 873 2746 facultate
881 2678 1057 2766 spoliatur,
1070 2676 1148 2765 quis
1159 2681 1212 2742 ost

200 2783 257 2870 qui
274 2781 421 2870 amplius
444 2782 633 2851 sacrificare
648 2789 683 2852 et
709 2790 788 2852 vota
813 2785 923 2854 facere
953 2786 1064 2854 velit?
1092 2783 1208 2852 Admi-

200 2888 306 2956 randa
320 2887 461 2976 quidem
481 2894 514 2957 et
538 2889 745 2957 acutissimae
760 2891 936 2980 sapientiae
953 2891 1054 2980 plena
1069 2895 1211 2958 senten·

201 2997 265 3064 tia!
282 2997 412 3074 Quanta
427 2996 470 3074 vi,
488 3015 591 3083 quam
602 2996 697 3084 gravi
711 2996 827 3066 etiere
844 2997 930 3066 tristi
945 2998 1100 3066 irrisione
1116 2996 1212 3064 illus-

200 3105 304 3170 trata!
328 3101 413 3180 Ouid
428 3101 522 3170 aliud
542 3109 595 3171 est
613 3103 743 3192 Jupiter
771 3103 828 3172 ille
849 3103 997 3173 ludibrio
1025 3103 1163 3170 habitus
1179 3111 1213 3172 et

199 3228 305 3296 regno
317 3215 452 3288 exutus,
472 3209 538 3276 nisi
549 3208 660 3277 inanis
675 3215 709 3276 et
725 3211 888 3278 ementita
904 3211 1083 3300 praeteritae
1106 3209 1215 3278 aetatis

199 3317 351 3384 numinis
373 3299 516 3404 speeies
538 3335 620 3383 casu
645 3315 815 3384 humanas
836 3337 891 3386 res
911 3338 981 3386 non
996 3317 1140 3386 consilio
1157 3335 1212 3384 re·

198 3425 320 3512 gentis
347 3422 457 3490 avidis
482 3422 712 3490 commendati
742 3445 761 3490 a
789 3424 953 3494 ministris
978 3431 1012 3493 et
1035 3422 1210 3494 communi

199 3529 343 3606 stultitia
365 3527 486 3596 muudi
503 3527 617 3618 adepti
643 3529 809 3618 regimen,
829 3530 921 3618 quod
952 3532 1122 3601 bonorum
1150 3532 1212 3598 im-

199 3635 454 3726 proborumque
479 3635 736 3703 distinctionem
761 3636 892 3704 nullam
917 3637 1008 3716 facit,
1035 3637 1118 3725 quin
1143 3637 1212 3704 imo

198 3741 357 3810 deteriori
374 3761 496 3820 carusae,
517 3747 555 3810 ut
569 3745 685 3808 Sermo
711 3743 911 3825 repertorio
932 3747 1088 3824 illabitur,
1104 3764 1141 3812 se
1156 3743 1213 3810 ad-

226 3954 235 3988 ¹
257 3953 332 4010 etot,
348 3957 408 4002 1080
423 3959 447 4002 et
460 3969 510 4014 seq.

197 4073 200 4080 .
225 4033 237 4068 ¹
254 4035 330 4090 leid..
347 4039 405 4083 ¹008
420 4039 506 4096 etseq.
522 4036 559 4084 Gi.
575 4049 651 4096 supro
664 4050 687 4095 p.
702 4039 731 4084 ³3
748 4041 771 4084 ei
787 4051 837 4100 seq.

225 4112 237 4146 ³
256 4113 328 4178 ibid„
348 4118 389 4162 123
404 4119 489 4174 eloeq.
721 4149 724 4156 .

225 4189 236 4228 ⁴
254 4193 328 4250 rusa,
340 4193 394 4248 tea.
411 4194 463 4247 rar.
480 4197 533 4256 55⁰,
549 4193 593 4241 rit
606 4199 629 4242 or
640 4184 702 4258 seq„
715 4198 770 4248 aaa.
