3114 5088
771 525 914 581 „4⁶-

333 673 410 743 quae
439 649 608 721 comoedia
637 669 715 718 cnm
746 653 892 716 Nobiles
919 653 1022 736 alque
1050 653 1227 734 daniticos
1257 655 1356 718 arole

332 760 506 828 cohaererc
530 758 677 836 ridetur,
697 757 885 846 procaciam
905 755 1092 844 qnamdam
1107 755 1304 826 liberiorem
1327 765 1352 836 ¹,

334 868 469 956 pietatis
486 872 600 934 lamen
615 863 822 953 quibusdam
839 862 972 932 indiciis
988 871 1211 953 temperatam
1228 885 1355 954 praese

334 975 400 1043 ferl
426 972 648 1041 manifestum
670 971 741 1050 liet,
769 971 841 1058 jam
868 977 943 1037 tum
971 971 1234 1060 Aristophanem
1253 991 1353 1039 com-

337 1081 433 1148 muni
461 1080 568 1170 ipsius
598 1077 762 1166 temporis
788 1077 1019 1146 irrorarenliae
1048 1077 1247 1159 concedere,
1278 1098 1350 1146 non

334 1186 418 1256 deos
433 1184 574 1275 quidem
588 1189 705 1273 aperte
719 1202 845 1272 negare
858 1203 1004 1271 quornm
1021 1190 1123 1253 antea
1135 1185 1169 1252 in
1186 1189 1349 1252 dacolen-

333 1299 419 1362 lidos
436 1297 462 1374 ²,
492 1296 704 1376 Noricosque
734 1299 931 1379 susceperat
964 1292 1207 1379 patrocinium,
1239 1291 1300 1360 sed
1330 1313 1351 1358 a

333 1402 444 1490 prisca
468 1398 658 1468 desciscere
682 1395 752 1466 fide
775 1403 810 1466 el
833 1398 990 1487 gnaviter
1017 1399 1182 1467 cornicem
1211 1399 1349 1467 haurire

332 1507 510 1575 materiam
527 1503 619 1574 undo
633 1505 729 1594 prius
746 1504 938 1593 simplicem
953 1506 1155 1596 religionem
1170 1507 1311 1576 aluerat.

376 1615 494 1703 Ipsum
518 1617 613 1680 Pacis
637 1613 851 1701 propositum
871 1612 945 1680 sine
962 1611 1076 1701 aliquo
1101 1612 1246 1682 deorum
1268 1633 1349 1682 oon-

332 1727 465 1811 lemplu
482 1739 552 1788 non
562 1719 722 1810 explicari
737 1724 850 1808 polest
867 1722 896 1798 3;
915 1719 1078 1808 Trygaens
1099 1721 1205 1802 enim,
1222 1721 1348 1788 vinilor

330 1831 473 1912 Atticus
493 1829 547 1898 oui
572 1827 750 1916 praecipnae
769 1825 804 1891 in
824 1825 888 1892 hac
907 1825 1021 1894 fabula
1037 1833 1149 1915 parles
1165 1826 1348 1916 assignan-

333 1942 398 2011 tur,
420 1933 504 2002 deos
522 1954 594 2001 non
609 1933 685 2000 sine
700 1933 915 2000 conlumacia
940 1932 1110 2001 bellorum
1129 1939 1163 2001 el
1178 1935 1348 2001 tumultus

331 2059 400 2127 qno
421 2039 546 2107 Graecia
555 2039 688 2128 jamdiu
702 2038 869 2118 lurbalur,
887 2059 965 2108 reos
976 2039 1055 2106 facil
1071 2045 1105 2108 el
1117 2038 1348 2129 indignabun-

332 2143 398 2213 dus
413 2147 448 2213 in
468 2165 528 2214 eos
544 2145 718 2214 invehitur
736 2171 743 2212 :

436 2418 438 2422 Ι
552 2326 591 2388 Δι’
606 2333 706 2410 ἡμέρας
718 2332 770 2409 γὰρ
784 2333 809 2395 ἐς
822 2331 867 2388 τὸν
885 2333 998 2409 οὐρανὸν
1013 2332 1113 2408 βλέπων

549 2422 596 2488 sill
610 2435 726 2506 κιχηνὼς
740 2427 898 2508 λοιδοριῖται
913 2438 947 2506 τῷ
960 2433 1012 2488 Ari.

373 2648 449 2730 Qui,
479 2655 660 2737 postquam
685 2648 866 2717 immundo
890 2649 1060 2718 scarabaeo
1087 2650 1256 2732 invectus,
1282 2664 1344 2728 Διὸς

325 2769 490 2827 sarcasmo
518 2760 676 2843 portento
696 2755 721 2834 4,
743 2754 786 2822 ad
809 2755 901 2825 fores
923 2757 1058 2848 Olympi
1083 2758 1250 2847 pervenit,
1272 2780 1342 2828 non

330 2871 398 2932 lam
427 2863 520 2930 Pacis
551 2863 700 2951 primum
733 2864 955 2932 restituendae
982 2886 1068 2954 opus
1097 2864 1213 2933 subire
1240 2887 1342 2954 quam

327 2970 524 3039 deridendae
539 2969 682 3038 deornm
699 2972 913 3040 occasionem
928 2971 1063 3040 ridetur
1079 2991 1243 3061 quaerere.
1267 2974 1343 3040 Por-

327 3081 407 3148 tilor
426 3084 478 3149 est
498 3079 683 3148 Mercurius
710 3100 813 3167 quem
847 3079 983 3147 urbium
1003 3084 1151 3148 intorem
1174 3091 1342 3168 προπυλαίου

326 3189 466 3256 nomine
476 3187 635 3256 invocare
644 3192 848 3254 consuetum
860 3192 932 3254 erat
949 3185 1341 3282 ⁵.Emigrarnnlaedilrns

323 3294 381 3373 dii,
399 3295 481 3361 Jove
498 3300 648 3371 auclore,
667 3292 701 3358 in
718 3293 985 3360 remotissimam
996 3293 1073 3362 coeli
1084 3298 1229 3381 perlem,
1246 3290 1340 3359 undo

323 3419 436 3488 neque
464 3399 579 3487 praelia
609 3399 804 3466 Graecorum
831 3397 1008 3486 adspicere
1037 3419 1149 3488 neque
1183 3399 1338 3489 perpetui

324 3504 405 3574 belli
432 3505 602 3595 fragorem
630 3503 748 3573 audire
777 3512 925 3594 possunt
943 3509 967 3572 ὃ.
997 3507 1096 3574 Solus
1122 3505 1261 3573 relictus
1286 3511 1339 3573 est

358 3728 367 3762 r
387 3712 462 3771 Vere..
477 3713 530 3769 158,
547 3717 599 3774 333,
616 3717 670 3776 386,
688 3714 741 3777 435,
757 3718 811 3773 530,
830 3719 900 3773 1007,
916 3717 1052 3776 praesertim
1069 3717 1113 3763 376
1128 3718 1152 3762 et
1173 3717 1241 3762 1532.
1258 3715 1293 3763 Cf.
1311 3715 1336 3762 G.

323 3795 401 3850 Kocrr,
415 3792 538 3851 Aristoplr.
551 3793 606 3840 ond
618 3793 657 3841 die
668 3797 726 3842 Goel.
744 3794 785 3843 des
800 3793 876 3854 Vella,
893 3796 930 3844 el.

352 3871 521 3930 ’Anrsrorn.‚
536 3871 641 3935 srapm„
656 3874 710 3924 lli.

353 3953 451 4010 ³Pac.,
466 3953 593 4012 claraco.

354 4032 365 4068 ⁴
377 4034 451 4092 ibid,
465 4033 504 4083 42.

353 4113 431 4162 ⁵vld.
445 4117 567 4172 Parnase,
581 4114 676 4164 Griecd
693 4115 802 4177 mythol„
818 4120 837 4175 Ι,
852 4121 907 4166 336.

352 4193 448 4256 ⁰Pao.,
465 4199 508 4244 183
521 4201 545 4244 et
558 4210 610 4256 seq.
