3114 5088
645 505 788 562 ..⁴3-

407 666 429 746 ti
443 685 620 766 δημοκρατία,
636 695 685 746 ποῖ
701 688 830 765 προὸιὸᾷς
841 690 912 764 ἡμᾶς
926 706 999 758 m,

407 788 439 843 Εἰ
455 789 560 843 τουτονί
572 781 598 861 γ’
617 784 821 863 ὶχιιροτὸνησαν
838 785 862 840 ol
874 786 943 856 Orci3

248 996 462 1076 Sententiam
477 995 718 1085 interrogatus,
739 1016 782 1065 ue
797 1015 905 1085 graece
920 994 1060 1084 quidem
1083 1013 1224 1083 respon·

195 1105 289 1175 dere
302 1105 402 1185 valet,
418 1103 463 1171 ita
479 1110 516 1171 ut
535 1103 698 1172 Hercules
714 1103 856 1172 barbare
871 1102 1028 1171 sonantia
1044 1101 1147 1170 verba
1161 1122 1223 1190 pro

195 1233 349 1282 assensu
366 1212 474 1301 possit
490 1212 641 1300 accipere
661 1217 695 1280 et
712 1211 886 1301 gulositati
901 1231 971 1279 suae
990 1212 1102 1279 fauste
1116 1210 1223 1278 iuter-

196 1320 344 1410 pretari.
370 1317 469 1386 Haud
486 1337 584 1388 secus
600 1326 702 1408 atque
718 1318 856 1387 credula
871 1318 981 1408 plebs,
1005 1338 1112 1407 quum
1129 1316 1222 1384 anci-

197 1428 288 1516 pitia
315 1427 461 1506 eracula‚
501 1446 636 1494 necnon
667 1425 833 1494 ehsurdas
863 1431 897 1494 et
925 1426 999 1494 sine
1030 1424 1222 1516 significatu

197 1555 306 1602 voces
325 1533 367 1600 ed
387 1539 466 1601 vota
486 1553 547 1602 sna
563 1533 729 1621 quadrare
748 1535 920 1604 existimat
938 1538 962 1601 ¹.

249 1641 383 1710 Festive
423 1642 480 1708 ille
521 1641 692 1709 alacritate
725 1646 900 1730 corruptas
936 1641 1221 1730 superstitionum

199 1747 342 1832 formas,
370 1748 412 1815 ab
433 1747 589 1816 Asiaticis
613 1748 739 1817 civitati
765 1751 916 1818 invectas
931 1749 1221 1838 perstringentem

200 1855 469 1945 Aristophanem
495 1876 598 1925 nemo
622 1855 686 1924 erit
713 1855 770 1944 qui
789 1862 890 1946 neget
907 1856 988 1924 honi
1007 1857 1090 1924 civis
1109 1855 1221 1924 officio

201 1969 239 2031 et
263 1963 380 2053 patriae
405 1962 560 2052 religioni
586 1962 789 2031 deditissimi
813 1984 889 2033 esse
911 1967 1080 2056 sunctum.
1098 1965 1220 2032 Mirum

203 2069 367 2139 tamenin
381 2071 465 2139 urbe
485 2069 529 2138 oh
544 2079 750 2160 tuetoeqetav
773 2072 992 2140 celeberrima
1015 2078 1074 2140 eut
1098 2071 1220 2140 iisdem

203 2177 271 2245 diis
295 2177 425 2245 cultum
445 2177 630 2266 contigisse
656 2176 772 2268 legum
796 2179 997 2246 auctoritate
1020 2177 1219 2266 comproba·

204 2293 290 2361 turn.
317 2291 470 2353 nuttam
498 2283 640 2352 liberem
668 2305 848 2354 censuram
880 2285 1082 2374 permissam
1112 2283 1220 2351 fuisse

203 2390 353 2458 comicis.
381 2388 477 2458 Unde
491 2388 575 2457 illud
597 2390 719 2459 saltem
734 2391 893 2482 colligere
907 2390 1033 2470 licebit,
1056 2391 1219 2458 virtutem

204 2499 298 2566 illem
324 2519 426 2586 quarn
457 2502 676 2565 tolerantium
714 2500 949 2580 nominamus
983 2499 1047 2568 etsi
1079 2499 1219 2587 antiquo

203 2613 294 2674 caret
320 2605 498 2686 vocabulo,
528 2626 598 2674 nou
626 2605 716 2674 male
740 2606 804 2674 sub
827 2605 928 2675 attico
945 2607 1031 2676 coelo
1046 2608 1217 2684 floruisse,

204 2714 486 2802 quotiescumque
527 2713 784 2783 irreverentiam
826 2733 905 2802 erge
940 2712 1023 2784 deos
1057 2734 1219 2802 sacraque

205 2819 363 2888 tuebatur
378 2821 460 2889 artis
479 2819 581 2889 decor
596 2827 630 2888 et
648 2840 825 2889 musarum
845 2822 1084 2910 patrocinium.

677 3168 739 3234 53.

249 3409 393 3489 Leviter,
422 3415 456 3478 et
473 3409 516 3478 ad
533 3410 669 3478 anxiam
693 3413 919 3480 recentiorum
941 3411 1141 3502 religionem
1158 3435 1218 3482 aes-

206 3515 416 3596 timentibus,
434 3515 805 3692 impudentersempp*
831 3516 873 3585 de
896 3518 962 3610 diis
986 3526 1020 3615 qt
1042 3519 1088 3616 de
1110 3521 1218 3612 sacris

205 3623 363 3691 omnibus
387 3623 652 3712 Aristophanem
676 3645 751 3694 osse
789 3611 1089 3706 o‘cuturnconstat,
1107 3627 1217 3715 quiin

206 3733 298 3811 Pace,
320 3736 456 3812 Avibus,
480 3735 580 3797 Bonis
605 3738 706 3820 atque
729 3736 827 3799 Plato
852 3753 921 3800 uon
945 3733 1145 3803 adumbrata
1162 3756 1217 3803 so·

205 3835 274 3903 lum
291 3838 351 3906 sed
375 3857 536 3927 expressa
552 3839 736 3927 impietatis
751 3841 849 3930 signa
865 3840 1020 3924 ediderit,
1039 3842 1074 3908 in
1095 3841 1216 3910 ceteris

205 3963 338 4031 quoque
362 3943 498 4025 fabulis,
521 3947 592 4034 jam
620 3965 640 4014 e
663 3946 855 4016 carceribus
879 3967 1050 4038 egressus,
1068 3948 1216 4035 quoties-

233 4180 242 4216 ¹
260 4183 295 4233 dt.
309 4185 428 4242 conatus,
446 4185 540 4236 druch.
558 4187 701 4256 nectente,
715 4191 756 4246 111,
770 4193 810 4238 56.
