3156 5082
337 679 388 746 ira
398 678 566 746 rationem
578 674 792 766 prohabilem
805 675 1000 744 afferemus.
1019 674 1149 743 Petitur
1163 677 1278 742 tamen
1293 687 1355 742 ne-

336 806 403 874 que
413 783 675 853 sinea'oerhitate
688 801 706 850 a
721 783 861 851 Garioue
878 783 911 848 in
926 785 1033 862 Pluto,
1045 780 1106 850 sed
1116 782 1163 849 ite
1174 787 1211 848 nt
1223 781 1355 849 cavilla·

337 895 449 962 tiones
462 892 606 960 aservili
618 897 651 960 et
659 890 800 958 ridicula
808 911 956 979 persono
966 889 1113 970 emissae,
1127 890 1217 958 hano
1230 888 1354 957 saltem

335 1001 592 1071 excusationem
620 999 767 1068 habeant
786 1001 810 1066 ¹.
836 999 901 1065 Gur
918 1003 1032 1066 tamen
1069 998 1300 1066 Athenienses
1316 997 1351 1063 in

334 1107 529 1197 Apollinem
555 1107 683 1176 oomioe
707 1114 868 1176 vexatum
894 1105 1131 1185 offendissent,
1162 1106 1220 1193 qui
1255 1105 1353 1172 illum

336 1213 429 1284 haud
451 1214 558 1282 semel
577 1212 700 1283 eodem
724 1222 878 1305 temporo
893 1213 935 1280 ab
946 1212 1105 1301 Euripide
1122 1211 1290 1280 mendacii
1307 1217 1354 1279 at

335 1343 402 1412 que
418 1322 572 1390 stultitiae
589 1322 780 1390 insimulari
805 1321 895 1411 passi
918 1327 1000 1388 sunt
1017 1326 1043 1388 2.
1064 1319 1252 1387 Minervam
1272 1339 1354 1388 vero

335 1449 438 1518 supra
452 1428 602 1496 vidimus
618 1448 687 1496 non
698 1429 796 1496 aliter
804 1429 911 1496 fuisse
919 1425 1068 1494 ludibrio
1079 1426 1230 1494 habitam
1245 1445 1348 1514 quarn

334 1536 508 1626 quinmptu
518 1541 652 1602 tantum
665 1536 831 1603 nominati
841 1533 991 1603 suntdii.
1003 1534 1121 1613 ltaest,
1133 1534 1166 1600 ni
1176 1533 1326 1600 fallimur
1344 1557 1351 1599 :

336 1643 456 1730 siquis
486 1648 596 1710 totum
616 1642 881 1732 Aristophanem
911 1655 1009 1730 aequo
1043 1642 1158 1709 animo
1179 1641 1353 1730 perlegere

338 1749 433 1829 velit,
453 1748 590 1818 difficile
605 1750 668 1818 erit
688 1751 857 1819 aestimare
871 1769 959 1838 quos
980 1749 1063 1817 deos
1084 1750 1193 1837 magis
1208 1747 1353 1814 infama-

335 1858 432 1926 verit.
451 1857 490 1924 nt
514 1858 592 1946 quia
616 1859 763 1926 auctoris
785 1877 886 1946 supra
908 1856 998 1924 nitati
1022 1856 1264 1926 commentatio
1282 1861 1353 1923 tota

334 1966 368 2030 in
389 1964 454 2031 hoo
470 1984 537 2031 uno
557 1963 628 2032 fere
647 1964 784 2033 cardine
799 1971 965 2046 versatur,
985 1963 1190 2050 subtilisque
1207 1963 1350 2030 illaver-

335 2070 458 2139 horum
471 2069 642 2138 distinctio
663 2070 705 2137 ad
723 2071 808 2138 nihil
823 2071 915 2138 aliud
932 2071 1033 2152 valet,
1051 2070 1117 2138 nisi
1138 2070 1285 2138 nelovis
1300 2089 1350 2138 oe·

332 2177 616 2267 laberrimaapud
640 2179 904 2268 Aristophanem
931 2179 1055 2258 irrisio,
1079 2177 1348 2267 argumentatio·

334 2303 415 2351 nem
440 2305 579 2358 omnem
600 2289 742 2365 evertat,
764 2284 908 2374 liquebit
926 2285 1013 2352 nihil
1026 2284 1107 2352 inde
1128 2283 1171 2352 nd
1189 2284 1349 2373 pietatem

334 2392 572 2480 Aristophanis
586 2391 891 2461 demonstrandam
906 2413 1008 2482 posse
1021 2393 1167 2480 excerpi.

377 2499 484 2567 Venio
506 2498 549 2566 ad
575 2500 681 2568 Caroli
705 2500 802 2568 Koolr
826 2491 1164 2579 commentationem,
1186 2527 1202 2562 «
1221 2505 1347 2567 Aristo-

328 2611 460 2688 phanes
474 2611 548 2671 und
563 2611 617 2672 dte
636 2609 754 2672 Goetter
768 2611 824 2673 des
845 2610 1100 2690 Volltsqloubons
1118 2610 1144 2687 ³,
1163 2633 1179 2669 u
1197 2619 1273 2694 qnae
1290 2627 1349 2696 por

333 2731 370 2778 se
385 2713 549 2800 speciosa,
567 2719 601 2779 ot
616 2712 733 2780 subtili
749 2713 933 2782 verborum
951 2715 1268 2802 sententiarumque
1283 2715 1348 2782 ele-

332 2819 447 2906 gentle
460 2818 636 2906 exscripta,
655 2820 865 2908 impietatem
891 2821 1130 2910 Aristophanis
1153 2840 1232 2888 oum
1257 2827 1349 2888 easta

332 2924 497 3016 religione
513 2926 745 3006 commixtam,
768 2934 962 3018 temporum
983 2935 1017 2997 et
1031 2929 1248 2996 fortunarum
1263 2929 1347 2996 viol-

332 3031 397 3099 hus
412 3033 537 3121 quibus
553 3034 782 3104 Athenienses
799 3040 857 3103 aut
885 3037 964 3104 elati
991 3043 1050 3103 aut
1076 3035 1241 3126 depressi,
1263 3035 1347 3104 deos

332 3140 435 3207 modo
446 3141 659 3230 neglexerint
674 3142 777 3210 modo
793 3143 972 3222 noluerint,
985 3142 1154 3231 explicare
1164 3161 1347 3232 aggressus

332 3253 395 3313 est.
416 3247 589 3316 Sententia
604 3248 751 3314 auctoris
766 3247 840 3314 haeo
865 3253 918 3315 est
940 3271 946 3314 :
969 3247 1216 3336 Aristophanes
1237 3247 1347 3315 aetatis

332 3368 403 3420 suae
425 3353 521 3419 testis
550 3359 652 3441 atque
681 3353 850 3440 interpres
880 3354 1058 3422 comoediis
1080 3355 1152 3422 suis
1185 3354 1291 3422 veluti
1309 3354 1345 3420 in

332 3457 471 3547 speculo
488 3458 639 3546 quodam
664 3458 864 3528 mutabilem
879 3461 1104 3541 Athenarum,
1120 3468 1160 3528 ut
1174 3461 1209 3527 in
1223 3459 1345 3529 ueteris

331 3565 493 3634 omnibus
522 3567 567 3633 ita
586 3567 620 3634 in
649 3566 774 3635 divinis
808 3569 975 3657 expressit
1000 3568 1197 3658 imaginem.
1225 3567 1344 3654 Ingre-

330 3671 437 3740 dienti
462 3673 544 3740 artis
568 3673 775 3741 curriculum
787 3680 821 3741 et
840 3675 1006 3763 primitias
1021 3675 1159 3765 ingenii,
1185 3679 1344 3741 Datulon-

329 3800 378 3846 ses
400 3778 527 3847 soilioet
543 3785 577 3848 et
595 3785 834 3862 Aodornenses,
854 3782 918 3850 suh
934 3783 1112 3850 callistrati
1135 3780 1342 3849 Philonidis-

359 4059 369 4094 ¹
389 4061 464 4122 rtet,
481 4066 504 4113 7.
520 4065 557 4116 Gi.
575 4067 614 4114 39.

359 4139 371 4173 ²
387 4138 555 4203 ntect.,1ato‚
572 4145 640 4195 1298.
655 4147 742 4204 oren..
758 4147 796 4204 ts,
814 4149 869 4207 nra,
886 4148 940 4197 too.

358 4221 369 4256 ³
385 4223 472 4274 Iohrb.
489 4225 508 4288 f.
525 4226 595 4276 alass.
610 4225 696 4278 rodet.
710 4231 793 4291 suppl.
807 4231 850 4288 Bd,
868 4231 908 4289 111,
920 4231 970 4289 nn,
986 4231 1005 4288 1,
1023 4232 1091 4278 1⁸57.
