3156 5082
558 555 563 564 .
654 511 793 563 -57-

213 635 341 723 exigat,
359 633 537 702 Herculem
569 633 729 701 convenit
754 633 916 713 Bacchus
938 632 1030 701 idem
1054 632 1138 700 illud
1165 632 1228 701 iter

214 741 393 831 quondam
414 761 607 821 emensum,
625 745 663 807 ut
678 739 720 806 ab
740 739 959 808 oodoceatur
977 744 986 788 ¹

638 941 754 1017 lapi-rac,
772 941 933 1019 ἀρτοπώλια,

377 1036 494 1117 Πορναῖ’,
510 1039 680 1112 ἀναπαύλας,
696 1041 836 1117 maenae,
850 1044 962 1116 κρήνας,
978 1037 1066 1110 ὁδούς,

378 1138 481 1210 Πόλεις,
497 1135 613 1210 διαίτας,
627 1135 845 1215 πανδοκευτρίας,
861 1138 928 1195 ὅπου

381 1236 471 1312 Κόρας
486 1237 624 1311 ὀλίγιστοι.
706 1246 717 1266 ·

265 1440 368 1506 Scene
390 1438 448 1506 illa
464 1442 490 1517 ²,
509 1437 552 1505 ad
569 1438 675 1506 risum
697 1439 812 1527 potius
828 1438 1046 1508 excitandum
1060 1458 1164 1526 quam
1187 1436 1230 1504 ad

219 1539 459 1634 ex'plicandum
481 1543 696 1634 propositum
721 1546 872 1627 inventa,
888 1546 1056 1614 Bacchum
1082 1543 1233 1612 ostendit

221 1669 335 1718 croceo
370 1649 531 1718 indutum
559 1652 684 1733 tunica,
714 1653 824 1740 qualis
858 1653 1063 1720 feminarum
1096 1650 1232 1718 helluo-

221 1779 374 1845 numquo
389 1777 465 1826 osse
485 1759 627 1840 solebat,
640 1759 778 1827 leonina
793 1759 943 1828 Heraclis
959 1759 1048 1849 pelle
1062 1777 1165 1846 super
1178 1756 1233 1823 in·

217 1866 317 1953 jecta,
339 1864 442 1932 rubro
457 1865 645 1934 calceatum
666 1866 848 1945 cothurno,
869 1885 949 1934 arcu
964 1871 998 1934 et
1015 1865 1111 1932 clava
1124 1863 1233 1952 insig-

223 1991 314 2050 nem,
330 1970 542 2039 ventriosum
570 1971 721 2060 alioquin
739 1978 774 2040 et
791 1971 926 2039 tardum
942 1978 980 2041 ut
995 1977 1233 2040 canescentem

219 2079 288 2166 jam
309 2076 519 2147 nebulonem
539 2077 646 2146 decet.
673 2080 839 2148 Comitem
856 2079 960 2149 habet
988 2100 1058 2147 non
1082 2079 1234 2148 Silenum

223 2186 332 2266 illum,
349 2187 546 2274 Satyrorum
574 2192 763 2275 parentem,
782 2209 850 2276 quo
875 2188 1056 2256 educatore
1071 2194 1106 2255 et
1120 2186 1234 2276 paeda·

224 2315 311 2384 gogo
327 2314 411 2362 usus
427 2314 502 2362 esse
516 2293 698 2375 ferebatur,
715 2293 775 2362 sed
791 2316 929 2364 servum
946 2293 1130 2383 quemdam
1147 2293 1235 2361 Atti·

225 2423 313 2480 cum,
329 2401 512 2468 Xanthiam
526 2402 680 2481 nomine,
702 2402 860 2471 exomide
875 2402 1050 2481 vestitum,
1068 2401 1165 2470 asino
1180 2401 1234 2466 in-

226 2515 359 2578 vectum
388 2515 422 2576 et
453 2509 585 2576 sarcina
610 2509 778 2578 humeros
803 2516 991 2599 promente.
1022 2508 1125 2576 AEdes
1148 2509 1234 2576 Her·

226 2616 308 2684 culis
333 2617 368 2682 in
400 2615 523 2683 uicinia
552 2635 707 2707 nanneto
732 2624 813 2684 sunt
842 2616 916 2684 sitae
948 2616 1078 2696 3,unde
1097 2616 1152 2683 via
1175 2634 1236 2703 per

226 2736 309 2798 πύλας
322 2733 462 2798 rostratae
477 2722 521 2790 ad
541 2724 725 2814 sepulturae
740 2724 854 2793 locum
873 2723 1015 2794 ferebat.
1031 2723 1080 2791 lbi
1101 2729 1235 2812 peracto

226 2830 379 2898 Herculis
413 2829 601 2918 Bacchique
634 2831 814 2918 colloquio,
850 2838 1026 2899 mortuum
1050 2829 1234 2919 quemdam

227 2937 334 3004 efferri
352 2955 490 3005 eernere
508 2944 572 3016 est,
592 2944 629 3004 ut
648 2944 819 3026 spectator
832 2938 898 3007 iter
916 2937 1172 3027 quodammodo
1192 2935 1235 3005 ad

227 3043 351 3112 inferos
380 3065 458 3112 cum
490 3045 625 3114 duobus
647 3045 835 3114 uiatoribus
861 3044 1016 3113 videatur
1038 3045 1161 3113 lacere.
1189 3045 1237 3112 De

228 3151 364 3239 parodia
379 3152 684 3242 Pythagoreorum,
701 3152 745 3222 de
757 3154 949 3220 animarum
963 3150 1237 3240 peregrinatione

228 3259 505 3347 etpurifioatione
518 3280 581 3328 suo
600 3260 675 3328 loco
689 3267 809 3350 agetur
835 3284 842 3326 ι
865 3279 974 3327 unum
995 3256 1080 3326 illud
1093 3257 1135 3324 ad
1157 3276 1236 3345 pro·

229 3367 375 3454 positum
418 3372 577 3434 nostrum
615 3367 958 3436 animadvertendum
1000 3366 1074 3446 erit,
1111 3365 1239 3433 scilicet

228 3480 352 3558 quanta
371 3473 521 3561 primum
543 3473 652 3542 elatus
679 3475 853 3564 jactantia,
882 3473 971 3563 quali
998 3472 1122 3540 deindo
1146 3471 1238 3560 igna-

229 3579 280 3644 via
304 3578 488 3666 depressus
512 3581 664 3648 Bacchus
686 3580 832 3649 incedat.
851 3581 912 3658 Qui
926 3581 1042 3648 omnia
1055 3579 1237 3667 magnifica

229 3685 269 3752 de
294 3685 435 3752 instanti
455 3688 604 3776 periculo
631 3688 793 3776 loquitur,
825 3694 858 3756 at
882 3688 917 3753 in
941 3687 1015 3774 ipso
1042 3684 1237 3752 discrimine
1280 3671 1289 3684 ⁸

230 3799 295 3860 tam
320 3791 499 3860 vecordem
531 3813 568 3860 se
594 3799 743 3881 praestat,
766 3799 803 3862 ut
823 3794 909 3861 nihil
927 3793 1034 3882 possit
1061 3791 1237 3880 procacius

260 4005 269 4040 ¹
284 4010 356 4063 aaa„
373 4011 448 4057 litet
465 4021 516 4068 seq.

259 4083 271 4118 ²
282 4089 367 4135 1-323.

258 4162 353 4224 'loiu.,
372 4171 424 4220 lae.
435 4170 471 4218 Gi.
486 4171 529 4220 ΤΕ.
545 4171 622 4227 Kocx,
640 4169 738 4218 lotrod.
755 4169 789 4218 ad
804 4171 878 4224 don..
896 4173 933 4218 33.
