3156 5082
770 531 911 590 ..ομ

339 683 418 730 mur
436 683 443 729 :
461 661 618 750 religiosa
633 659 755 728 mediae
776 661 884 728 aetatis
899 659 1064 740 dramata,
1083 660 1189 750 impia
1213 679 1276 728 nos
1298 660 1314 727 f
1337 697 1351 708 ·

337 773 447 839 cimus
463 769 793 859 plerumquenostra
804 769 1085 857 interpretatione
1102 773 1135 834 et
1151 788 1212 856 pro
1233 775 1352 836 nostra

331 877 525 968 judicantes
558 875 830 954 consuetudina;
875 875 1116 964 Aristophanis
1154 874 1351 942 fabularum

336 1005 414 1076 pars
434 1005 510 1072 quae
525 985 559 1050 in
575 999 749 1051 sacrorum
761 971 1186 1062 clalnrmatione'versntur,
1204 982 1348 1062 auctori;

336 1090 584 1182 spectatoribus
598 1091 719 1156 Atticis
736 1089 892 1158 camdem
906 1090 976 1158 fere
986 1090 1198 1178 impietatem
1215 1097 1351 1179 porten-

337 1198 462 1266 derunt
485 1217 588 1286 quam
608 1196 862 1280 {recentioribus
888 1215 963 1264 earn
986 1196 1220 1284 judicantibus
1233 1221 1241 1276 ;
1263 1197 1350 1264 illud

337 1312 470 1374 tantum
485 1306 638 1372 interest.

378 1411 575 1480 Recentiora
604 1418 796 1479 nostrarum
827 1410 1031 1500 religionum
1063 1411 1236 1500 dogmata,
1266 1429 1346 1478 ceu-

337 1540 426 1588 suraa
445 1518 558 1585 omnis
583 1518 804 1606 impatientia,
825 1539 893 1586 non
919 1518 1109 1586 doctrinam
1128 1518 1231 1586 modo
1258 1520 1347 1584 anti-

336 1627 453 1714 quitus
469 1625 628 1692 traditam
644 1632 677 1692 et
694 1633 861 1714 praecepta
876 1647 953 1713 quaa
967 1625 1010 1693 ad
1029 1626 1132 1695 deum
1153 1626 1363 1694 referuntur·

335 1740 521 1810 auctorem,
550 1732 715 1800 adversus
745 1733 914 1800 curiosam
943 1733 1244 1821 investigationem
1268 1754 1347 1800 mu-

235 1849 237 1854 '
336 1842 448 1918 uiunt,
480 1839 539 1907 sed
570 1841 774 1907 exteriorem
810 1840 922 1907 cultus
943 1847 1156 1929 apparatum,
1183 1840 1347 1908 mobilem

336 1967 508 2014 sacrorum
527 1945 759 2013 conditionem
776 1953 809 2014 et
825 1945 1041 2014 sacerdotum
1066 1950 1219 2035 ipsorum
1235 1948 1348 2036 specie

334 2054 468 2142 piatatis
492 2058 707 2132 commenta,
737 2052 859 2120 eodem
887 2054 1012 2141 saepius
1038 2054 1168 2121 habent
1192 2055 1266 2122 loco
1292 2055 1347 2122 vel

335 2162 464 2250 majore
491 2161 711 2228 veneratione
743 2159 928 2247 excipiunt.
971 2161 1071 2249 Apud
1103 2162 1345 2242 Athenienses,

335 2287 459 2358 magna
479 2268 645 2336 libertatis
661 2273 755 2356 partc
770 2287 942 2348 concessa,
956 2269 1043 2335 sicut
1057 2289 1156 2336 novae
1172 2289 1347 2336 sacrorum

335 2376 454 2443 formae
486 2396 555 2443 non
593 2375 853 2463 respuebantur,
888 2373 1077 2443 dummodo
1110 2397 1180 2444 non
1207 2375 1348 2464 indigua

334 2483 656 2554 commendarentur
671 2483 870 2550 anctoritate
881 2487 914 2548 et
934 2482 1077 2570 origine,
1091 2483 1283 2571 itaquoque
1295 2503 1345 2550 sa-

334 2591 512 2660 cerdotum
528 2596 562 2658 et
580 2590 853 2657 caerimoniarum
870 2589 996 2677 quihus
1010 2590 1103 2678 vulgi
1126 2596 1259 2658 mentes
1272 2610 1347 2678 oap-

334 2707 406 2766 tare
421 2698 611 2777 tentabant,
631 2697 766 2786 publica
781 2697 1043 2784 permittebatur
1066 2717 1221 2766 censura.
1245 2699 1346 2764 Pote-

333 2812 384 2873 rat
412 2801 632 2872 Atheniensis
661 2804 844 2893 impiatatis
873 2805 1066 2892 suspicione
1098 2825 1227 2872 vacuus
1254 2825 1344 2880 ossa,

333 2919 367 2980 at
381 2912 549 2980 Eleusinis
569 2911 694 3000 dignus
719 2911 982 2990 initiationibus,
1006 2913 1069 2980 etsi
1086 2912 1268 3000 AEsculapii
1285 2910 1346 2977 ab·

332 3018 493 3086 horrebat
508 3019 692 3098 miraculis,
714 3025 773 3087 aut
799 3019 1032 3106 Corybantum
1060 3018 1239 3086 deridebat
1255 3025 1347 3105 tym-

333 3147 431 3217 pana.
447 3125 542 3205 Quod
558 3147 667 3216 genus
682 3127 848 3194 irrisionis
863 3127 957 3215 leges
973 3145 1149 3214 nunquam
1165 3124 1348 3213 prohibue-

330 3241 423 3314 runt,
459 3255 572 3322 neque
598 3233 641 3301 ad
662 3249 779 3311 ἀσεειίας
808 3235 935 3300 crimen
964 3232 1347 3320 convincendumquis·

332 3361 435 3428 quam
455 3341 620 3408 evocavit.
638 3343 712 3407 Non
728 3341 874 3408 excessit
889 3341 993 3429 igitur
1008 3342 1042 3406 iu
1060 3340 1115 3408 his
1139 3341 1299 3428 ingenuae
1312 3346 1347 3406 et

331 3446 481 3514 liberalis
498 3447 723 3515 cavillationis
741 3449 828 3514 fines
844 3454 973 3528 noster,
989 3469 1065 3536 quae
1081 3453 1216 3515 tantum
1234 3466 1348 3516 recen-

331 3554 427 3622 tioris
441 3560 568 3622 nostrae
580 3555 807 3624 intolerantia
831 3575 931 3623 causa
952 3556 1118 3644 superiori
1134 3554 1281 3644 capitulo
1293 3554 1348 3620 inm

331 3661 476 3730 serenda
495 3663 702 3751 putavimus.
726 3663 842 3731 Videre
856 3664 1053 3731 ostinterim
1075 3668 1243 3751 quantum
1259 3662 1348 3728 inter

331 3769 594 3838 Atheniensium
615 3771 649 3837 in
674 3771 843 3859 religiosis
859 3769 1023 3838 vexandis
1043 3769 1248 3850 libertatem,
1264 3788 1346 3835 nos-

331 3965 422 4013 labulis
434 3966 567 4026 deperditis
581 3968 677 4026 loquar)
690 3969 846 4016 manifestius
856 3970 883 4016 tlt
892 3970 958 4029 apud
970 3981 1124 4016 successores
1134 3967 1215 4026 quiin
1225 3966 1347 4014 comoedia

331 4045 413 4092 madia
427 4046 594 4094 elaborarunt.
616 4049 652 4096 Cf.
672 4049 835 4107 Braunnnnv,
854 4051 886 4112 11,
906 4049 951 4098 594
966 4066 972 4096 ε
989 4065 1002 4092 a
1020 4050 1066 4094 Dar
1080 4048 1246 4106 parodisohan
1266 4047 1347 4094 OElro-

331 4124 413 4171 nomio
427 4126 526 4174 dianten
542 4128 601 4174 abar
618 4129 751 4176 besondera
764 4131 803 4178 die
823 4132 922 4190 Mythan
937 4131 974 4177 als
994 4130 1120 4188 poatiacha
1134 4130 1225 4178 Hdllan
1241 4130 1345 4175 interes-

329 4207 413 4252 aantar
425 4205 594 4255 Gesahichtan.
615 4224 628 4251 u
