3156 5082
793 584 828 597 ..
846 545 889 612 pe·
901 581 933 600 .-

359 678 599 768 Aristophanis
620 679 673 748 vol
687 678 878 748 bbulisvol
898 677 1092 746 fabularum
1106 671 1308 768 fragmentis
1322 681 1376 748 ni-

358 785 408 852 hil
421 787 492 854 erui
507 805 608 874 posse
625 785 815 866 videbatur,
830 785 873 852 ad
890 785 1056 853 utramvis
1083 785 1280 874 opinionem
1293 807 1376 854 con·
1444 839 1450 845 .

358 889 576 970 firmandam,
598 889 690 978 quod
721 906 790 956 non
816 889 930 956 statim
954 893 1124 959 contraria
1147 899 1373 962 extenuatum

357 997 612 1086 luerit,·parum
640 995 749 1064 abfuit
770 997 854 1084 quin
891 997 996 1066 verbo
1015 1004 1137 1086 poete,
1169 999 1251 1067 satis
1280 1021 1372 1067 com-

358 1103 462 1172 modo
478 1102 536 1171 sed
549 1104 700 1172 scientiae
712 1103 935 1184 alienissimo,
950 1103 1187 1175 difficultatem
1201 1105 1371 1196 effugere-

357 1227 437 1278 mus
451 1231 458 1273 :

490 1387 672 1444 Grammatici
684 1392 794 1446 oemunt
806 1395 835 1446 et
853 1389 947 1446 adbuc
960 1391 1011 1446 sub
1022 1389 1118 1462 judico
1133 1390 1168 1446 lis
1182 1395 1232 1447 est.

399 1601 570 1694 Opusoulo
599 1607 712 1671 tamen
741 1610 860 1672 nostro
880 1605 952 1692 jam
978 1604 1176 1692 perscripto,
1205 1604 1300 1673 venit
1330 1604 1368 1670 in

356 1731 478 1780 manus
512 1707 628 1777 lucida
657 1710 901 1778 commentatio
927 1717 962 1778 et
998 1710 1053 1778 vol
1092 1711 1243 1800 profanis
1273 1711 1367 1780 evol-

355 1815 467 1886 venda
484 1820 509 1896 ¹,
537 1837 640 1904 quem
663 1817 691 1883 si
714 1822 814 1885 antea
838 1815 1070 1900 novissemus,
1097 1817 1186 1884 hanc
1210 1823 1365 1885 nostram

354 1923 646 1992 elucubrationem
675 1943 790 2010 aequo,
819 1921 919 1988 alacri
953 1921 1054 1990 etiam
1072 1923 1199 2003 animo,
1218 1923 1368 1990 dammis

355 2027 537 2098 delendam
560 2027 857 2097 mandavissemus
867 2052 876 2108 ;
892 2047 968 2116 quur
983 2029 1239 2110 commentatio,
1258 2051 1367 2117 quum

354 2135 592 2226 Aristophanis
605 2133 806 2225 religionem
822 2153 863 2202 ex
880 2135 975 2202 omni
1003 2142 1097 2225 parte
1111 2136 1365 2225 explanandam

273 2227 275 2232 ¹
354 2248 451 2312 curat
467 2250 500 2310 et
517 2239 760 2321 deliniendum,
779 2240 960 2308 Eleusiniis
975 2247 1009 2310 et
1029 2242 1181 2330 mysticis
1205 2242 1367 2310 omnibus

354 2349 656 2439 superstitionibus
684 2367 724 2416 ex
748 2347 889 2415 Thracia
912 2348 1066 2436 Asiaque*
1096 2348 1232 2416 Graeciae
1262 2349 1367 2415 illatis

353 2457 604 2546 amplissimum
619 2455 787 2524 concessit
809 2454 934 2523 locum.
952 2457 1097 2523 Necesse
1113 2459 1166 2522 ost
1180 2455 1283 2543 igitur
1302 2475 1365 2522 no-

353 2562 406 2629 bis
425 2581 563 2650 quoquo
585 2563 621 2628 in
646 2563 709 2629 hac
738 2563 928 2649 questione
950 2559 1080 2629 diutius
1113 2561 1300 2630 subsistere
1330 2570 1364 2629 et

330 2745 333 2754 Δ
354 2667 481 2756 duplex
503 2667 612 2736 lucere
631 2667 822 2755 periculum
838 2674 897 2736 aut
912 2666 1138 2736 dissentiendi
1162 2667 1365 2756 amagistro

331 2797 335 2806 ·
353 2775 409 2842 cui
430 2775 557 2863 majora
574 2793 676 2861 quam
693 2773 758 2842 dici
774 2779 887 2863 potest
902 2774 1080 2855 debemus,
1096 2779 1366 2862 autargumenta

353 2883 527 2970 eleganter
547 2881 650 2949 simul
670 2888 703 2950 et
719 2879 852 2950 erudite
867 2879 957 2950 odite
969 2878 1159 2968 repetendi,
1181 2879 1365 2967 quodum

351 3006 642 3076 supervacaneum
660 2993 793 3055 tantum
814 2988 986 3076 plerisque
1003 2986 1063 3054 sed
1089 2987 1244 3074 ineptum
1261 2986 1364 3054 etiam

346 3094 424 3181 jure
438 3093 698 3162 existimabitur.
726 3095 900 3162 Confessio
918 3092 1142 3160 hec-saltem
1166 3097 1282 3159 nostra
1305 3111 1364 3160 ve-

352 3201 443 3267 niam
464 3207 634 3269 mereatur
650 3200 816 3290 gregario,
835 3201 893 3288 qui
917 3199 1150 3288 periculosum
1182 3198 1246 3266 iter
1265 3198 1361 3266 solus

350 3307 538 3394 ingressus,
573 3326 650 3374 sese
671 3307 893 3373 inventurum
918 3304 1169 3394 desperaverat,
1182 3303 1276 3392 quod
1290 3305 1363 3391 jum

350 3417 448 3478 antea
461 3431 480 3476 a
495 3411 654 3499 praeclaro
672 3410 758 3478 duce
785 3413 999 3500 exploratum
1020 3411 1127 3478 luisse
1144 3408 1317 3478 nesciebat
1334 3412 1360 3474 ²,

365 3605 367 3609 ι
395 3517 572 3585 Distinctio
592 3517 741 3606 primum
757 3517 912 3586 faciendo
934 3524 987 3588 est
1011 3519 1100 3585 inter
1122 3522 1362 3586 extraneorum

351 3624 531 3690 numinum
552 3624 665 3690 cultus
691 3629 725 3690 et
750 3625 901 3692 invectas
925 3625 1206 3714 superstitionum
1222 3642 1363 3713 persua-

295 3741 297 3744 ·
349 3731 475 3804 siones.
498 3749 582 3817 quos
604 3750 671 3797 uon
688 3729 933 3818 Aristophanes
957 3731 1069 3799 solum
1086 3731 1147 3799 sed
1167 3750 1289 3800 omnes
1304 3749 1363 3800 ve-

379 3978 388 4013 ¹
407 3981 428 4027 J.
445 3979 550 4036 drusun,
564 3980 599 4026 Lo
615 3977 721 4040 ltellpiou
740 3980 806 4028 doru
824 3981 995 4041 Aristophane.
1017 3981 1091 4027 lleouc
1110 3979 1151 4028 dea
1171 3977 1362 4036 oeae-tronea,

351 4062 419 4116 1878,
438 4063 472 4106 1⁸¹
485 4060 552 4118 sodi,
570 4063 597 4107 le
613 4061 757 4108 novembre.

378 4135 390 4169 ἱ
408 4139 483 4186 Mulie
500 4151 599 4198 quoque
620 4137 789 4198 suppeditavit
805 4141 934 4188 hunorum
951 4139 1026 4188 editio
1045 4154 1060 4185 n
1078 4139 1123 4186 Tu.
1141 4131 1209 4184 Korn
1228 4133 1359 4196 explicatu.

350 4216 466 4272 berolini,
481 4221 540 4264 1868
555 4219 618 4278 (coll.
637 4219 718 4276 Haupt
731 4224 754 4266 et
769 4219 886 4282 Sauppe).
