3114 5088
780 499 919 553 „u-

344 649 490 701 censura
515 631 663 698 vacaret.
695 624 822 712 Cuique
849 641 909 710 pro
933 641 995 694 suo
1024 619 1163 707 ingenio
1193 617 1280 687 inter
1310 624 1365 685 tot

348 738 491 809 numina
505 735 628 804 licebat
644 732 815 802 delectum
828 731 958 806 l'acero;
976 725 1045 794 voti
1062 743 1213 814 compos,
1237 724 1271 790 in
1284 723 1365 791 lau-

348 843 409 912 des
426 843 556 912 effusus
572 849 674 930 atque
689 839 947 928 gratulationes
966 834 1153 922 benignam
1169 831 1223 900 dei
1245 836 1365 920 potas-

349 957 454 1018 tatem
476 946 686 1028 extollenda,
714 942 979 1014 commendabat
991 940 1110 1008 amicis
1130 944 1165 1008 et
1188 937 1364 1026 populari-

348 1058 423 1126 bus.
444 1057 506 1135 Qui
531 1061 649 1123 contra
664 1053 765 1121 donis
788 1058 823 1121 et
838 1052 996 1141 precibus
1011 1051 1136 1123 lrustra
1155 1053 1364 1122 sollicitave-

347 1173 398 1234 rat
412 1164 529 1244 deum,
547 1163 653 1230 iratus
668 1167 701 1228 et
719 1159 762 1228 de
777 1159 904 1228 damno
921 1179 1081 1248 querens,
1105 1162 1271 1252 templum
1287 1180 1365 1227 mu·
1464 1211 1466 1216 .

348 1274 438 1341 tabat
453 1279 489 1338 ut
503 1289 694 1359 cauponam
713 1276 748 1336 et
764 1289 843 1336 oum
859 1268 1022 1337 conviciis
1041 1267 1083 1335 ad
1101 1289 1230 1336 novum
1247 1275 1364 1358 patro-

349 1401 432 1450 num
448 1377 627 1467 migrabat.
649 1378 734 1444 Casu
751 1381 785 1442 at
804 1375 941 1442 fortuna
956 1374 1204 1444 deserebantur
1219 1395 1285 1442 arae
1304 1381 1365 1442 aut

348 1486 527 1556 fumabant
546 1489 572 1553 Ι.
967 1479 975 1484 “

391 1592 644 1682 Apudplebem
660 1592 696 1658 in
722 1591 852 1659 honore
868 1597 965 1658 erant
983 1597 1063 1660 ante
1077 1591 1193 1660 omnia
1210 1595 1362 1659 externae

348 1699 609 1791 superstitiones
624 1705 724 1787 atque
737 1705 915 1777 recantes;
934 1719 1010 1786 qua
1030 1700 1195 1776 novitate,
1218 1704 1363 1775 secreto,

348 1810 487 1878 insolito
502 1808 614 1876 cultus
630 1813 807 1895 apparatu,
827 1806 1004 1873 nocturnis
1019 1805 1223 1872 caerimoniis
1243 1803 1365 1870 allicie-

351 1914 432 1980 bant
455 1911 665 1979 adoratores
692 1913 818 1980 Locum
834 1913 904 1979 lere
927 1911 1062 1978 nullum
1077 1911 1184 1978 luisse
1201 1912 1235 1976 in
1252 1909 1367 1978 uohlo·

352 2020 452 2088 cratia
467 2017 524 2084 illa
539 2017 740 2086 Atheniensi
755 2018 898 2084 deorum
921 2024 1076 2085 veterum
1092 2039 1187 2107 purae
1205 2024 1239 2085 et
1261 2023 1363 2084 castae

356 2126 510 2216 religioni
523 2123 613 2213 apud
630 2144 752 2192 omnes
763 2129 909 2192 constat.
927 2127 969 2191 At
979 2137 1175 2213 χρησμολόγων
1188 2123 1297 2192 avidis
1310 2143 1368 2190 au-

355 2233 450 2300 ribus
465 2251 630 2320 responsa
650 2230 851 2319 excipiebat,
871 2231 1019 2298 inultum
1040 2232 1141 2300 dabat
1163 2231 1364 2318 sibyllarum

353 2339 554 2428 Bacidisque
576 2339 721 2407 oraculis
737 2359 884 2425 quorum
902 2358 1027 2428 anceps
1044 2339 1273 2427 ambiguaque
1291 2358 1368 2404 auc-

354 2449 471 2516 toritas
486 2467 505 2512 a
521 2446 733 2535 demagogis,
756 2446 995 2514 Themistoclis
1012 2445 1182 2534 exemplo,
1204 2446 1238 2512 in
1258 2444 1367 2512 civili-

353 2555 418 2622 bus
440 2554 542 2621 rebus
566 2553 806 2620 advocabatur.
835 2553 962 2620 Eadem
980 2575 1059 2621 cum
1086 2553 1304 2622 festinatione
1324 2552 1368 2620 ad

349 2662 577 2751 joculatorum
602 2660 828 2726 Asiaticorum
843 2661 1052 2728 initiationes
1069 2666 1102 2728 et
1125 2659 1365 2728 mendicorum

354 2765 571 2836 sacerdotum
583 2765 771 2853 prestigias
781 2787 967 2834 concursus
975 2766 1089 2844 tiebat,
1105 2766 1162 2854 qui
1174 2767 1291 2833 anxias
1302 2767 1370 2855 pla·

353 2878 577 2942 caramentes
593 2879 626 2939 et
637 2873 671 2938 in
689 2873 792 2940 vitam
806 2873 956 2940 futuram
978 2873 1155 2942 beatorum
1171 2874 1367 2942 felicitatem

354 3001 471 3069 parare
496 3000 532 3046 se
560 3000 660 3069 posse
677 2979 910 3068 gloriabantur
927 2985 952 3048 Ι.
981 2981 1148 3070 Vigebant
1171 2987 1252 3048 tunc
1277 2996 1369 3070 ὀρφεο-

353 3102 469 3156 οολοοτοὶ
495 3087 684 3167 nominati,
707 3090 766 3176 qui
794 3090 1037 3158 commentitiis
1065 3088 1190 3157 libellis
1219 3097 1253 3157 et
1281 3085 1369 3154 lictae

355 3196 489 3284 pietatis
514 3194 632 3261 habitu
654 3195 787 3261 lucrum
808 3196 978 3264 faciebant
991 3221 999 3276 ;
1024 3196 1202 3276 Adonidis
1236 3195 1363 3264 Sabazii

356 3303 511 3387 Cottptus
528 3307 629 3388 atque
649 3300 783 3386 Cybelae
808 3300 971 3379 fautores,
988 3320 1208 3393 πυθαγορίζοντες
1233 3322 1370 3391 quoque

355 3408 412 3492 qui
436 3407 602 3494 sapientia
624 3406 807 3494 quadama
831 3408 1117 3499 philosophorum
1135 3407 1288 3477 lontibus
1308 3409 1369 3475 de-

358 3519 443 3580 torta
458 3514 720 3602 superstitiones
736 3515 1034 3590 commendabant.

401 3619 529 3697 Quibus
558 3620 767 3691 novitatibus
792 3624 871 3710 quia
903 3623 996 3712 leges
1025 3643 1202 3712 nunquam
1234 3623 1371 3692 iverunt

357 3725 505 3805 obviam,
537 3727 597 3794 sed
625 3726 769 3796 liberam
794 3729 985 3818 prodeundi
1006 3730 1260 3820 invadendique
1289 3729 1371 3798 civi-

388 3995 396 4028 ¹
418 3997 454 4043 Cl.
477 3998 638 4046 Banunaanv.
667 3999 789 4046 orandas
812 4000 857 4047 ator
877 4001 970 4049 Grieclt.
995 4001 1120 4056 litteral,
1143 4003 1161 4058 l,
1178 4001 1233 4064 lta
1253 4001 1371 4054 Cunarus,

359 4075 454 4124 Grieclt.
471 4076 562 4134 Geraia,
576 4079 616 4134 ΙΙΙ,
634 4081 662 4125 56
676 4083 699 4126 et
713 4093 764 4138 seq.
1315 4071 1319 4082 ⁸

387 4153 398 4188 Ι
416 4157 451 4204 Cl.
467 4159 550 4209 Puer„
571 4160 637 4217 vap..
655 4162 683 4217 ll,
701 4161 755 4209 att.
772 4163 890 4218 llasrcu..
905 4163 955 4211 taot
969 4163 1066 4219 Εενικοί.
