3114 5088
752 445 892 500 ..40-

204 633 208 644 .
315 569 469 662 patribus
482 567 605 637 tradita
614 567 757 658 numina
770 573 804 641 et
814 575 975 636 externos
988 567 1073 638 deos
1086 569 1337 660 Aristophanes

315 677 527 766 distinguere
551 676 712 754 valuerit;
742 681 858 742 utrum
873 676 1023 746 Minerva
1040 676 1211 766 propriam
1233 697 1335 748 suam

315 785 526 874 majestatem
547 783 707 872 quamvis
733 783 767 850 in
797 783 928 852 comico
948 803 1051 873 opere
1072 786 1270 863 servaverit,
1288 805 1336 852 an

316 892 504 961 deformata
528 909 667 980 quoque
692 889 839 958 ludibrio
865 889 969 959 fuerit
984 910 1003 958 a
1018 897 1118 980 poeta
1133 892 1260 962 habita.
1278 894 1336 962 Ut-

315 1019 463 1088 cumque
480 1018 517 1068 sc
532 1019 587 1067 res
603 998 718 1076 hahet,
745 1003 989 1087 argumentum
1009 998 1133 1068 fabulae
1147 999 1191 1066 ad
1207 1001 1336 1070 Miner-

317 1106 512 1178 vaevidetur
526 1108 902 1198 spectaretriumphum
911 1131 920 1189 ;
934 1109 969 1175 in
983 1128 1086 1198 quam
1097 1109 1154 1178 illa
1163 1110 1338 1180 Ciceronis

317 1213 422 1284 verba
440 1214 652 1282 conveniunt
671 1217 680 1261 ¹
699 1237 706 1280 :
734 1214 881 1284 ‹Novos
905 1234 987 1282 vero
1006 1213 1090 1284 daos
1111 1220 1146 1284 et
1159 1216 1195 1282 in
1211 1216 1265 1282 his
1281 1235 1339 1282 co-

317 1323 431 1392 lendis
463 1327 649 1390 nocturnas
685 1321 964 1412 pervigilationes
994 1322 1043 1390 sic
1071 1322 1335 1412 Aristophanes,

317 1430 548 1500 facetissimus
568 1436 668 1518 poeta
687 1431 813 1498 veteris
837 1429 1027 1510 comoediae,
1057 1435 1168 1508 vexat,
1187 1435 1224 1498 ut
1242 1427 1340 1520 apud

320 1560 399 1608 eum
419 1537 578 1607 Sabazius
603 1543 639 1606 et
662 1537 804 1626 quidam
826 1538 881 1606 alii
903 1537 949 1604 dii
971 1539 1139 1628 peregrini
1152 1537 1294 1627 judicati
1319 1557 1340 1606 e

272 1693 276 1700 -
321 1646 457 1715 civitate
469 1645 657 1736 ejiciantur.
676 1671 692 1708 a
717 1646 870 1714 Servavit
888 1644 980 1713 enim
993 1650 1117 1714 Actum
1132 1645 1340 1716 scholiastes

321 1774 362 1825 ex
377 1759 475 1820 Horis
490 1753 583 1822 hunc
603 1773 742 1824 versum
757 1777 764 1818 ε

503 1953 555 2010 Τὸν
570 1954 676 2030 Φρύγα,
696 1954 741 2009 τὸν
756 1954 906 2030 ailimpre,
922 1954 968 2010 τὸν
983 1953 1112 2021 Zadadros
1131 1953 1154 2012 ².

369 2165 432 2244 Oui
452 2161 612 2236 Sabazius
635 2162 804 2236 Asiaticus
831 2169 883 2237 est
898 2163 1082 2256 Dionysus,
1109 2165 1207 2258 cujus
1225 2165 1342 2233 fauto-

327 2274 422 2341 ribus
456 2270 652 2338 sacerdoies
682 2271 798 2338 omnia
831 2270 944 2338 fausta
976 2270 1127 2338 secunda
1158 2277 1193 2339 et
1227 2273 1343 2360 opima

327 2379 480 2469 polliceri
510 2378 678 2446 solebant.
710 2378 848 2448 Sabazio
875 2377 938 2466 ipsi
967 2376 1149 2444 tribuenda
1178 2377 1344 2446 videntur

326 2488 442 2568 verba,
461 2488 585 2576 quibus
601 2485 733 2557 telluris
748 2488 858 2558 atticae
872 2487 957 2553 mira
975 2486 1166 2554 celebratur
1181 2487 1340 2568 felicitas,

327 2616 365 2663 ea
377 2595 490 2690 specie
502 2591 595 2684 quod
607 2593 727 2661 incolae
739 2593 804 2661 diis
816 2593 921 2660 dediti
935 2600 1070 2662 essent:
1087 2608 1197 2672 Τούτοις
1209 2603 1233 2686 t’
1249 2608 1342 2685 teutp-

326 2736 368 2790 χιι
382 2710 459 2770 ταῦτ’
476 2711 561 2776 insidii
577 2715 639 2778 τοὺς
656 2713 728 2776 θεοὺς
744 2714 864 2770 uideam
884 2715 908 2770 3.

327 2873 329 2879 .
372 2807 431 2878 Cui
462 2807 585 2876 veteris
616 2807 792 2898 religionis
821 2807 934 2876 fautor
963 2807 1243 2898 indignabundus
1274 2829 1342 2878 res-

330 2917 485 3006 pendet:

448 3113 582 3195 Αἴγυπτον
601 3121 685 3175 αὐτῶν
701 3123 747 3178 τήν
763 3117 839 3174 πόλιν
855 3121 998 3182 arrectiac:
1014 3114 1078 3174 ἀντ’
1090 3107 1204 3179 bonodia.

374 3337 401 3402 Α
421 3337 572 3404 Minerva
591 3337 645 3404 cui
663 3339 755 3402 Horae
769 3335 896 3404 adsunt
919 3337 1060 3406 comites
1083 3339 1215 3432 ejicitur
1245 3340 1344 3408 Saba-

329 3443 413 3520 ziuS,
438 3441 577 3510 ridicule
588 3443 772 3532 judicatus,
796 3445 887 3511 utin
907 3445 1009 3512 lienis
1024 3445 1212 3534 Euripidae,
1235 3447 1343 3515 Athe-

332 3570 453 3638 naeque
487 3551 575 3618 sicut
604 3551 646 3617 ad
680 3551 796 3618 mores
825 3552 1003 3641 antiquos
1041 3555 1087 3620 ita
1120 3553 1161 3619 ad
1197 3555 1343 3642 priscam

332 3658 534 3746 religionem
550 3659 707 3726 redeunt.

363 3876 373 3911 ¹
391 3880 455 3930 Dete
473 3917 489 3938 .‚
502 3884 532 3938 ΙΙ,
547 3886 585 3930 15.

360 3959 372 3996 ²
394 3895 491 4021 senez„
506 3965 560 4024 Ac..
585 3979 609 4014 v.
630 3963 684 4014 art.
698 3965 817 4029 Φρυγίλος
834 3965 977 4016 nominatur
1000 3966 1026 4016 iu
1046 3965 1134 4014 festiva
1151 3967 1197 4014 illa
1209 3979 1344 4018 enumere-

333 4042 397 4089 tione
411 4057 462 4102 que
473 4045 572 4106 singula
584 4047 687 4093 deorum
703 4044 824 4093 vocabula
836 4045 978 4105 junguntur
988 4046 1095 4106 singuiis
1111 4047 1210 4100 avibus.

363 4119 375 4154 ³
396 4124 468 4183 Apud
481 4128 638 4184 Arnuuuuu,
657 4128 700 4183 Ili,
714 4127 759 4174 372
773 4128 799 4174 B.
