3114 5088
646 527 787 580 ..53-

212 649 393 738 exemplar,
412 670 480 717 non
498 648 583 718 adeo
595 668 695 739 supra
709 654 834 718 terram
852 651 1063 735 escenderat,
1082 660 1121 723 ut
1132 655 1221 724 sicut

212 756 245 822 in
263 741 453 844 quotidiani
478 757 646 825 sermonis
667 777 742 838 usu,
765 757 811 824 ita
834 757 871 823 in
893 758 1062 827 comoedia
1081 762 1221 850 vulgare

211 861 353 950 aliquid,
367 863 523 930 attritum
538 867 571 932 et
585 863 769 932 ridiculum
791 885 860 953 prae
876 885 913 933 se
931 866 1045 935 ferret.
1067 867 1130 946 Qui
1151 874 1220 937 sta·

213 968 816 1059 tura,robore,fortitudineinsignis,
828 983 1034 1063 pernoeppttoo
1046 973 1219 1054 immanis,

213 1075 436 1155 truculentus,
453 1076 608 1166 gulosus,
632 1077 818 1145 rusticitate
836 1078 993 1147 informis
1006 1081 1123 1148 evasit.
1141 1081 1222 1149 Her·

212 1181 302 1248 cules
317 1181 359 1248 ab
374 1183 578 1271 Epicharmo
592 1184 664 1272 jam
680 1185 715 1250 in
731 1203 867 1252 scenam
883 1185 1081 1274 productus,
1100 1193 1134 1256 ot
1149 1187 1222 1276 ple-

212 1308 355 1376 rumque
381 1289 474 1356 illius
501 1295 610 1378 poetae
636 1292 795 1380 exemplo
810 1304 841 1359 τὸ
854 1301 958 1362 δεῖπνον
977 1307 1177 1384 &auertisse
1195 1298 1219 1374 ¹,

212 1397 323 1462 tritam
340 1413 421 1462 mox
437 1401 471 1463 et
485 1396 674 1466 obsoletam
688 1397 861 1488 praebebat
876 1399 1014 1468 comicis
1030 1401 1220 1480 materiam,

211 1501 254 1570 de
271 1521 335 1590 qua
356 1522 435 1569 cnm
450 1502 587 1570 fastidio
602 1504 851 1593 Aristophanes
867 1505 903 1572 in
926 1509 1034 1590 Vorpts
1057 1506 1218 1595 loquitur,

212 1610 283 1697 ipse
303 1608 400 1676 brevi
421 1609 582 1678 eumdem
601 1610 637 1676 in
656 1615 789 1692 Avibus,
812 1611 937 1681 deiude
955 1613 991 1678 in
1007 1617 1109 1680 Roois
1122 1611 1222 1680 adhi-

212 1716 355 1784 biturus.
372 1717 411 1783 ln
429 1721 524 1783 Poeta
538 1737 675 1805 quoque
690 1716 843 1806 parabasi
858 1717 1032 1798 alluditur,
1049 1718 1223 1806 Eupolidis

211 1824 403 1912 Cratiniqlle
432 1823 577 1891 vexandi
603 1843 723 1905 causa,
748 1823 791 1892 {td
817 1826 955 1912 lipoeais'oec
982 1838 1045 1899 τοὺς
1072 1837 1223 1913 μάττοντας

209 1947 252 2001 καὶ
265 1946 327 2008 τοὺς
345 1951 487 2007 πεινῶντας
496 1945 617 2014 ἐκείνους,
634 1952 720 2019 quos
740 1951 811 1998 non
833 1930 918 1998 adeo
935 1931 1108 2020 respuisse
1131 1932 1224 1999 Aris·

212 2038 399 2127 tophanem
422 2057 501 2104 cnm
521 2035 691 2125 praedictis
707 2035 874 2125 exemplis
889 2042 1070 2119 testantur,
1088 2059 1165 2126 quae
1181 2038 1224 2108 de

210 2149 444 2212 [laterensibus
469 2149 503 2210 et
528 2147 730 2211 AEolostoooo
767 2143 955 2232 deperditis
978 2142 1102 2212 fabulis
1129 2166 1223 2213 com·

211 2257 303 2340 perta
323 2250 503 2318 habemus.
531 2250 708 2338 Euripides
734 2249 898 2339 alioquin,
924 2251 958 2316 in
982 2249 1147 2340 tragoedia
1168 2250 1226 2319 illa

211 2357 337 2425 comica
371 2377 448 2444 quae
481 2361 617 2424 Alcestis
653 2356 849 2425 inscribitur
866 2361 892 2437 ²,
928 2356 1086 2444 quamvis
1121 2356 1225 2425 deum

211 2463 410 2532 fortitudine
443 2469 476 2531 et
509 2464 791 2552 magnanimitate
825 2463 996 2552 insignem
1036 2463 1222 2544 effinxerit,

211 2577 360 2640 attamen
388 2569 628 2639 consuetudini
653 2569 785 2659 vulgari
804 2571 985 2650 concessit,
1014 2591 1120 2658 quum
1142 2569 1225 2638 soli·

212 2683 278 2746 tam
296 2679 370 2767 ejus
385 2678 605 2747 voracitatem
624 2696 695 2745 non
714 2678 883 2746 dubitavit
897 2677 1099 2768 gravissimo
1124 2697 1226 2766 argu-

212 2792 327 2854 mento
344 2785 551 2854 consociare.

254 2893 292 2959 ln
320 2897 453 2970 Avibus,
479 2891 618 2981 gloriosi
642 2891 760 2959 militis
784 2910 944 2959 sermone
971 2890 1222 2979 atqnebahitu,

211 2999 273 3066 etsi
288 2997 332 3066 de
351 3017 433 3087 pace
456 2997 589 3088 legatus
609 2998 736 3065 missus
755 3002 819 3076 est,
843 2995 1056 3064 conditorem
1076 2997 1226 3085 primum

211 3125 308 3173 novae
325 3104 420 3172 urbis
435 3110 552 3172 contra
565 3105 623 3192 jus
638 3105 791 3194 gentium
816 3102 890 3170 vult
912 3103 1137 3192 strangulare.
1160 3102 1223 3171 Sed

211 3212 389 3300 epularum
418 3210 539 3278 nidore
567 3211 720 3292 allectus
754 3209 921 3299 dignitate
955 3210 1049 3276 omni
1080 3209 1222 3296 abjecta,

210 3317 379 3407 quaslibet
400 3316 629 3398 conditiones
657 3316 847 3386 dummodo
867 3315 1024 3384 convivio
1044 3316 1088 3383 sit
1102 3334 1225 3404 excep·

211 3431 277 3504 tus,
294 3424 425 3513 probat.
441 3426 558 3513 Neque
574 3424 762 3514 quidquam
779 3427 924 3512 prosunt
943 3423 1091 3512 Neptuni
1106 3443 1226 3511 expro-

210 3531 394 3612 brationes
408 3549 538 3620 preces,
549 3533 668 3611 minae3
682 3553 753 3600 non
764 3532 859 3599 Jovis
869 3530 983 3597 solum
992 3528 1222 3617 tyrannidem,

212 3637 271 3706 sed
282 3651 421 3728 paccatas
436 3659 573 3728 quoque
588 3638 785 3707 nubendam
806 3634 972 3718 concedit,
995 3656 1108 3724 neque
1128 3636 1224 3704 cohi·

211 3745 281 3813 beri
299 3752 413 3834 potest
428 3746 511 3834 quin
529 3765 589 3834 pro
610 3744 704 3833 pulte
726 3763 833 3832 seque
854 3750 889 3811 et
907 3742 1093 3832 Olympum
1112 3747 1224 3810 totum

211 3850 330 3918 avibus
355 3849 488 3940 prodat.
516 3852 621 3918 Parvo
641 3855 793 3919 cetarum
815 3850 925 3938 ipsius
949 3849 1167 3934 detrimento,
1195 3850 1224 3919 si

239 4100 250 4136 ¹
268 4103 342 4163 rap„
356 4105 395 4151 eo.
411 4103 446 4152 ct.
464 4103 530 4164 Pae,
546 4101 600 4159 tlt,
613 4113 670 4150 eum
684 4101 772 4150 Sciron
785 4105 945 4151 commentar.

241 4179 358 4238 trum..
375 4182 420 4230 rlr
432 4185 456 4230 cl
469 4195 520 4243 seq.
