3114 5088
752 463 894 518 ..33-

315 593 437 662 dorum
461 590 599 660 irrisio:
629 591 663 658 in
689 610 766 678 quae
796 610 866 658 non
893 589 1014 679 spiritu
1039 595 1172 659 tantum
1201 590 1336 658 comico

314 700 436 780 elatus,
463 697 525 768 sed
549 696 707 766 ciuilibus
733 696 968 765 inflammatus
992 695 1116 766 studiis
1143 701 1177 767 at
1196 718 1336 766 morum

315 805 548 877 sollicitudine
566 806 723 874 invectus
734 810 799 873 est.

359 913 518 982 Vidimus
523 913 594 1002 jam
608 910 872 980 Atheniensium
886 912 1071 980 maximam
1084 917 1228 1001 partem,
1246 911 1337 980 siout

317 1021 463 1091 oraculis
490 1016 661 1108 ambiguis
689 1023 724 1085 at
747 1017 1048 1086 vaticinationibus
1070 1017 1266 1107 stupebant,
1287 1018 1337 1084 ita

318 1146 457 1217 quoque
473 1123 514 1192 ad
532 1123 743 1191 initiationes
765 1129 799 1192 et
822 1121 1012 1213 praestigias
1030 1121 1255 1190 Asiaticorum
1278 1143 1336 1190 sa-

318 1231 497 1303 cerdotum
522 1250 737 1309 concursare,
763 1231 822 1319 qui
845 1235 1037 1299 sementes
1064 1229 1196 1318 placare
1217 1250 1332 1318 posse,

318 1343 354 1409 in
368 1359 520 1431 praesens
534 1336 650 1405 divina
663 1357 728 1426 ope
739 1339 859 1427 juvare
872 1342 906 1404 et
920 1336 1107 1404 beatiorem
1124 1336 1228 1404 sitam
1243 1336 1335 1426 apud

319 1446 448 1515 inferos
468 1463 648 1534 procurare
667 1443 913 1532 gloriabantur,
935 1449 1038 1531 atque
1061 1463 1224 1534 magnum
1253 1444 1336 1512 inde

318 1558 492 1643 quaestum
516 1550 581 1618 sibi
608 1550 796 1629 faciebant;
823 1551 881 1638 qui
908 1548 1087 1634 Adonidis,
1109 1551 1251 1631 Sabazii,
1269 1554 1333 1640 Cy-

319 1660 425 1739 beles
445 1659 602 1746 Cottytus
621 1657 781 1737 ministri,
800 1655 945 1726 diversis
963 1657 1162 1726 nominibus
1176 1678 1280 1726 unam
1301 1666 1335 1728 et

319 1789 395 1838 eam
411 1765 713 1856 flagitiosissimam
738 1764 940 1854 religionem
956 1766 1116 1834 novitatis
1131 1769 1284 1836 curiosos
1300 1772 1336 1835 at

322 1977 569 2069 superstitioni,
596 1975 844 2063 magistratus*
874 1979 1020 2066 primum
1047 1979 1225 2069 imponere
1240 1981 1336 2050 irena

320 2087 517 2164 voluerunt,
535 2083 661 2173 quippe
679 2104 756 2171 quae
771 2104 842 2152 non
858 2085 1005 2174 antiquae
1024 2086 1130 2155 modo
1144 2087 1225 2156 fidei
1241 2088 1337 2156 adul-

323 2201 448 2265 teraret
470 2194 714 2283 integritatem,
737 2191 798 2260 sed
822 2197 950 2259 statum
972 2193 1122 2262 turbaret
1142 2195 1287 2264 civitatis
1302 2203 1337 2264 et

321 2303 422 2371 bonis
447 2301 601 2369 moribus
624 2306 715 2369 esset
740 2299 865 2368 infesta
883 2303 908 2365 2.
938 2299 1000 2367 Sed
1017 2299 1154 2382 frustra,
1172 2303 1337 2392 gliscebat

322 2417 517 2478 exterorum
541 2407 696 2476 cultuum
722 2407 818 2475 favor
833 2427 873 2475 eo
888 2407 1000 2475 acrius
1014 2429 1082 2495 quo
1102 2409 1224 2477 tradita
1240 2430 1259 2478 a
1281 2433 1336 2500 pa-

321 2516 430 2583 tribus
450 2514 572 2603 placita
587 2517 696 2604 magis
712 2513 978 2603 degenerabant.

366 2623 492 2691 Comici
508 2628 629 2710 poetae,
646 2621 827 2688 vetustatis
848 2621 1002 2710 plerique
1022 2623 1173 2692 fautores
1197 2631 1232 2692 et
1255 2628 1337 2695 artis

321 2749 393 2797 suae
405 2727 661 2796 conditionibus
672 2726 714 2794 ad
728 2727 879 2795 notanda
894 2729 1035 2797 ridicula
1048 2732 1174 2813 omnia,
1188 2733 1260 2802 sive
1272 2755 1336 2824 pu-

321 2837 410 2904 blica
420 2837 494 2904 sive
505 2837 647 2925 privata,
659 2836 770 2924 proni,
785 2855 854 2903 non
864 2841 1052 2924 potuerunt
1062 2839 1145 2926 quin
1159 2841 1336 2929 copiosum

321 2945 419 3012 illum
435 2950 629 3012 exterarum
646 2943 931 3033 superstitionum
953 2943 1083 3012 iontem
1100 2947 1334 3037 negligerent;

322 3053 486 3121 unanimo
502 3071 672 3120 consensu
694 3050 854 3118 videntur
868 3053 1076 3140 conjurasse,
1096 3059 1137 3121 ut
1157 3055 1336 3144 magistra-

322 3159 414 3227 tibus
428 3160 463 3226 in
478 3158 642 3227 sanandis
659 3158 834 3226 mentibus
853 3163 889 3224 et
906 3161 1157 3248 compascendo
1171 3168 1338 3252 corruptae

322 3267 458 3355 pietatis
476 3266 610 3344 ardore,
631 3263 751 3331 darent
770 3283 921 3353 operam.
935 3266 1008 3332 lam
1022 3286 1113 3336 anno
1128 3269 1192 3337 443
1208 3289 1238 3336 a.
1257 3271 1335 3337 Chr.

321 3372 476 3440 Cratinus
493 3375 644 3436 Thressas
663 3369 825 3438 docuerat
843 3375 868 3452 ³,
886 3391 963 3458 quae
982 3375 1162 3456 comoedis,
1175 3395 1338 3444 nomena

322 3478 427 3546 choro
440 3477 593 3556 trahens,
612 3498 630 3546 e
653 3477 889 3545 sacerdotibus
904 3479 1066 3549 Bendidis
1082 3481 1155 3550 deae
1175 3483 1336 3562 conflato

323 3583 1339 3673 Periclemipsuminducebat,lovisterrestrisbabitu,Atbe-

323 3709 385 3757 nas
400 3692 534 3759 Asiatici
551 3692 643 3760 illius
657 3693 810 3758 numinis
826 3693 958 3760 cultum
972 3691 1184 3760 afferentem.
1200 3692 1339 3780 Eupolis

354 3963 362 3998 ¹
382 3966 410 4012 V.
427 3967 534 4024 Lonncx,
549 3965 676 4030 Aglaopb„
691 3972 808 4018 eat-aro.

354 4042 366 4076 ²
382 4046 497 4104 Straton,
511 4050 542 4116 lt,
556 4047 599 4096 tu
614 4051 641 4096 ll.

355 4122 367 4158 ⁸
382 4127 504 4186 unum,
519 4129 581 4179 Hiat.
596 4127 676 4180 critic.
689 4142 757 4191 com„
774 4144 799 4190 p.
818 4133 871 4179 ¹25.
888 4129 924 4178 (li.
939 4131 1034 4186 baasa,
1048 4129 1173 4192 Areopa.
1189 4132 1244 4188 ott,
1260 4131 1306 4194 fit.
