3114 5088
180 658 291 728 omnis
306 657 504 748 impatiens,
529 654 695 746 provexit,
721 652 888 743 quidquid
908 673 1010 743 supra
1038 675 1193 723 commu-

182 787 260 837 nem
275 765 438 860 surgebat
453 783 663 842 mensuram,
681 760 848 831 invidiosa
864 761 1013 852 quadam
1034 762 1194 852 maligni·

183 882 248 944 tate
269 871 537 963 deprimebatur,
562 872 695 961 quoties
721 871 853 940 occasio
874 869 1089 960 suppetebat.
1118 871 1193 938 Non

182 984 268 1054 bene
285 987 415 1072 poterat
429 980 531 1050 rideri
545 981 610 1055 nisi
629 981 672 1049 de
688 969 940 1060 eminentibus;
959 985 1062 1068 atque
1076 997 1115 1046 ca
1129 976 1195 1045 luit

182 1092 351 1182 optimum
379 1109 552 1178 quemque
576 1088 768 1157 lacessendi
795 1087 950 1188 facpltas‚
980 1093 1018 1155 ut
1048 1085 1192 1154 deorum

181 1200 239 1289 qui
253 1203 373 1266 natura
389 1216 450 1264 sua
466 1197 635 1286 primores
651 1202 748 1264 erant
765 1196 972 1286 reipublicae,
988 1194 1109 1263 eodem
1124 1193 1195 1261 fare

183 1308 336 1395 locoque
352 1305 454 1374 ceteri
471 1304 691 1394 magistratus
708 1303 929 1372 haberentur.
945 1305 992 1372 De
1009 1322 1076 1391 qua
1091 1301 1196 1370 liber·

185 1421 250 1483 tate
272 1412 540 1484 eminentissimi
555 1412 630 1491 viri,
648 1413 858 1480 comicorum
875 1410 998 1500 objecti
1019 1409 1193 1489 conviciis,

184 1542 360 1611 nunquam
372 1521 485 1610 questi
501 1526 594 1588 sunt.
613 1521 721 1599 Quem
742 1519 953 1588 infamarunt
968 1520 1078 1608 magis
1093 1537 1196 1607 quarn

184 1629 344 1700 Periclem
365 1629 494 1707 ¹?Quis
513 1629 616 1698 oliam
637 1629 837 1698 auctoritate
857 1649 919 1697 sua
943 1628 1075 1697 facilius
1097 1627 1196 1695 lesci-

184 1740 246 1808 viae
271 1736 415 1806 modurn
440 1738 619 1827 imponere
645 1738 830 1828 potuisset!
866 1739 1048 1827 Nunquam
1081 1743 1195 1805 tamen

184 1847 427 1916 contumeliam
458 1847 625 1936 reposuit,
657 1866 836 1935 nunquam
859 1845 969 1914 voluit
987 1846 1197 1914 comicorum

184 1956 371 2046 procaciam
387 1960 576 2045 amputare.
592 1953 746 2022 Socrates
761 1954 894 2044 placido
908 1956 1007 2024 vultu
1023 1955 1196 2044 propriam

185 2084 282 2132 suam
296 2063 491 2133 irrisionem
514 2065 548 2131 in
569 2062 704 2132 theatro
720 2063 888 2153 adspexit,
918 2084 1031 2154 neque
1057 2063 1196 2154 injuria-

186 2194 259 2240 rum
285 2173 436 2242 serravit
460 2173 495 2240 in
531 2171 798 2262 Aristophanem
827 2174 1028 2242 memoriam
1047 2178 1072 2241 ².
1099 2173 1197 2240 Falso

185 2301 265 2349 sane
279 2279 426 2349 traditur
446 2279 488 2346 ab
511 2279 685 2350 Alcibiade
705 2281 741 2347 in
757 2281 959 2371 Eupolidem
975 2283 1082 2350 fuisse
1095 2283 1197 2350 saevi-

188 2394 257 2456 tum
275 2393 308 2454 ³:
323 2388 382 2476 qui
395 2387 541 2455 Socratis
558 2386 759 2477 discipulus,
777 2388 983 2456 ambitiosus
997 2388 1149 2477 alioquin
1162 2394 1197 2455 et

185 2497 282 2566 lamae
294 2495 452 2586 cupidus,
468 2503 564 2586 grato
577 2497 693 2564 animo
714 2496 910 2566 liberiorem
924 2498 958 2565 in
974 2498 1106 2566 theatro
1120 2516 1197 2565 cen-

186 2625 298 2674 suram
318 2610 520 2694 ecceplurus
538 2604 644 2672 luisse
663 2602 812 2673 videtur.
830 2606 904 2673 Non
920 2605 1040 2674 eadem
1056 2604 1197 2694 quidem

187 2713 346 2802 patientia
375 2732 458 2780 usus
485 2731 562 2781 esse
586 2714 664 2781 Gleo
690 2712 854 2795 traditur,
879 2715 937 2803 qui
963 2713 1053 2781 haud
1090 2713 1197 2782 semel

185 2821 446 2911 Aristophanem
462 2821 497 2887 in
507 2823 564 2911 jus
580 2821 703 2910 rapuit,
721 2829 941 2912 nonpropter
954 2823 1104 2891 convicia
1120 2842 1197 2910 quae

185 2929 267 2996 nulli
287 2929 402 2996 adbuc
428 2929 494 3018 legi
514 2929 674 2997 adstricta
689 2937 798 3009 erant,
817 2930 878 2999 sed
901 2933 1033 3020 privato
1052 2930 1196 2998 crimine

215 3190 224 3224 ¹
238 3191 374 3239 Lacessitus
388 3191 435 3237 luit
448 3189 552 3238 Pericles
567 3205 582 3238 a
598 3190 704 3246 Cratino,
723 3191 852 3250 Eupolide,
869 3192 1001 3252 Hermippo
1014 3197 1088 3252 alque
1101 3192 1197 3240 bristo-

186 3271 273 3330 phuue.
290 3270 345 3319 vid.
362 3270 482 3326 lehara„
504 3274 557 3321 530.
581 3274 703 3328 llcruarrs,
725 3273 825 3332 Fraym.
843 3285 903 3320 com.
920 3274 975 3326 all..
992 3275 1022 3329 ll,
1045 3276 1066 3329 l,
1086 3275 1125 3329 tl,
1146 3273 1196 3322 lle.

186 3351 220 3398 Gr.
236 3354 390 3404 harunce.
414 3349 513 3406 Perict,
535 3355 557 3400 3.
576 3353 639 3411 Lego
658 3354 685 3400 in
700 3354 840 3413 opusculo:
863 3353 1026 3414 Aristophane
1043 3357 1066 3402 et
1084 3356 1194 3413 Socrate

186 3436 281 3480 auctore
299 3435 343 3480 En.
367 3445 400 3481 ne
412 3434 501 3487 litam,
518 3434 593 3480 llcuuc
610 3432 652 3480 deo
669 3433 1084 3493 neue-ltonoa,l·¹1uillellale,
1108 3451 1197 3486 oomoe

186 3513 232 3561 die
251 3513 388 3561 liberlatam
409 3515 560 3571 amputatam
576 3511 653 3559 luisse
677 3527 691 3560 a
711 3513 801 3560 Pericle
819 3513 884 3576 (lege
905 3515 1000 3563 scillcet
1021 3517 1053 3577 μή
1072 3519 1199 3580 κωμῳδεῖν

186 3592 310 3656 boucart.
328 3594 426 3649 Senon,
440 3593 534 3649 lotam,
551 3595 590 3649 67,
606 3595 637 3640 ed
655 3594 765 3654 Olymp,
782 3597 821 3651 85,
839 3597 867 3652 l),
885 3599 911 3641 ul
927 3597 1036 3644 ludibria
1052 3598 1138 3644 insea
1153 3610 1197 3646 co—

187 3673 257 3722 micis
272 3677 388 3733 congestu
407 3673 575 3721 ulcisceretur.
592 3673 668 3722 luter
688 3676 812 3731 hlamma,
824 3677 844 3729 l,
860 3673 898 3722 lo.
921 3676 982 3722 Sunt
996 3677 1040 3736 qui
1054 3677 1199 3726 sacerdotali

187 3754 326 3802 auctoritati
333 3754 411 3813 legem
425 3755 495 3802 illam
510 3755 664 3810 adscribunt,
674 3769 781 3815 ‹puaper
793 3761 839 3803 tres
853 3761 946 3804 lantum
958 3770 1037 3805 annos
1050 3758 1166 3814 invaluit,
1177 3765 1200 3806 et

186 3835 276 3884 Pericle
292 3835 469 3894 rempublicam
485 3836 567 3883 adbuc
582 3838 687 3893 tenente,
701 3836 793 3884 abolit-r
805 3840 855 3894 est;
869 3838 916 3884 sub
928 3837 978 3886 llne
991 3840 1089 3899 Olymp.
1103 3843 1141 3895 ol,
1152 3853 1198 3888 res*

188 3916 265 3963 tituta.

215 3994 227 4028 ²
243 3999 328 4045 Puer..
344 3999 375 4044 lle
386 3995 456 4043 liber.
470 3997 549 4056 educ,
567 3998 604 4053 rl.
622 3999 744 4046 Socratem
760 3999 806 4046 lert
818 3999 911 4048 dixisse
927 4017 932 4049 :
952 3997 995 4058 Ὦς
1005 4002 1050 4066 γὰρ
1065 4001 1090 4051 ἐν
1105 4018 1199 4064 συμπο-

186 4079 231 4142 σίῳ
248 4077 345 4142 μεγάλῳ
357 4083 392 4142 τῷ
408 4078 501 4144 θεάτρῳ
511 4079 666 4141 σκώπτομαι.

215 4155 227 4192 ³
250 4159 518 4217 inlustracionem.
533 4161 615 4214 Attio,
631 4160 669 4213 vl.
694 4161 714 4214 l,
731 4162 766 4206 le.
788 4160 824 4207 cf.
838 4161 926 4212 Lanae,
945 4154 1029 4216 Popul.
1047 4154 1127 4218 Ausa,
1143 4158 1198 4205 ³Pl.

187 4239 308 4296 licturus,
324 4240 415 4288 Hister.
429 4241 508 4288 critic.
522 4240 629 4296 comoed,
645 4243 697 4294 llll,
714 4245 738 4288 et
753 4242 846 4290 lluuxa.
865 4239 986 4300 aristoph.
1000 4241 1055 4296 eit,
1072 4241 1083 4304 ξ
1097 4244 1120 4288 9.
