3114 5088
634 471 775 527 ..37-

202 604 312 666 ulrum
328 597 410 666 inde
427 597 589 666 amhalcae
602 599 737 686 pietatis
753 600 1016 677 incrementum,
1034 618 1077 666 an
1094 600 1208 688 potius

201 727 274 773 cum
306 726 441 772 morum
475 706 665 793 corruptela
703 725 877 773 sacrorum
909 711 1126 796 contemptus
1163 707 1209 775 el-

200 812 345 880 fluxerit.
362 813 412 879 Ne
433 811 475 878 de
495 811 641 878 mirabili
665 819 774 900 poetae
793 819 865 880 arte
881 833 957 901 quae
974 811 1209 884 diversissima

200 921 357 988 inunum
381 918 488 986 valuit
502 920 712 1008 conjungere
729 918 907 998 disseram,
930 940 1046 988 nonne
1065 927 1207 1010 stupen-

200 1026 279 1094 dum
295 1027 370 1105 erit,
384 1026 534 1093 carmina
547 1025 634 1092 illae
645 1027 811 1114 protervis
823 1028 856 1094 in
871 1027 952 1096 fano
964 1030 1093 1096 Cereris
1106 1035 1209 1117 atque

173 1205 175 1212 ,
200 1132 566 1202 Minervaemnlierihns
585 1133 874 1212 ¹‚etaheatorum
885 1135 989 1203 choro
1000 1135 1042 1202 ad
1053 1137 1209 1204 Plutonis

198 1243 286 1310 fores
317 1240 495 1309 decantata
522 1239 707 1321 evolventi,
740 1246 844 1310 tantae
876 1244 1047 1332 majestati
1073 1244 1107 1309 in
1138 1249 1207 1310 tam

198 1350 358 1418 effrenata
378 1347 513 1414 licentia
534 1345 642 1414 fuisse
656 1348 782 1428 locum,
801 1354 835 1416 at
849 1349 938 1438 apud
955 1349 1095 1418 eosdem
1111 1370 1208 1438 spec·

197 1463 321 1526 tatores
347 1457 406 1543 qui
434 1454 647 1542 AEschylum,
676 1456 801 1544 tragice
828 1463 954 1536 tamen,
978 1455 1021 1522 ad
1046 1459 1209 1544 mysteria

195 1563 407 1632 alludentem
439 1581 528 1650 pene
558 1561 792 1649 interfecerint
808 1567 834 1642 2,
866 1569 936 1630 tam
968 1561 1102 1631 facilem
1130 1585 1209 1632 com

196 1671 347 1760 procacia
362 1669 662 1759 impudentissima
678 1670 816 1738 comicis
832 1669 949 1736 divina
962 1670 1205 1739 commiscendi

195 1778 328 1846 veniam
356 1775 554 1865 contigisse.
582 1777 772 1864 Utcumque
789 1796 826 1844 se
842 1795 897 1843 res
914 1774 1030 1855 hahet,
1048 1777 1120 1846 sive
1135 1778 1208 1865 jam

196 1890 266 1952 tum
295 1885 331 1951 in
358 1901 489 1950 meram
515 1883 798 1970 superstitionem
825 1882 990 1970 mysteria
1015 1883 1154 1971 orphica
1173 1891 1207 1956 et

194 1997 369 2060 nocturna
399 1990 603 2058 caerimonias
630 1989 883 2078 degenerarunt
902 1994 926 2070 ³,
958 1989 1030 2057 sive
1057 1990 1152 2079 leges
1173 1995 1207 2058 et

194 2099 412 2188 magistratus
431 2095 628 2165 bacchanali
648 2096 794 2164 licentiae
819 2097 927 2164 multa
947 2103 1203 2177 concesserunt,

194 2207 360 2275 hteamur
384 2205 447 2272 erit
472 2223 625 2283 necesse,
652 2224 722 2272 nou
748 2205 795 2271 ita
820 2204 932 2272 cultus
956 2203 1034 2271 illos
1053 2205 1206 2292 potuisse

194 2313 436 2393 commendari,
455 2315 483 2380 si
503 2312 703 2393 venerandi,
725 2332 838 2401 neque
857 2313 900 2380 ad
915 2312 1063 2400 priorem
1078 2313 1205 2379 sencti-

194 2427 295 2492 tatem
317 2420 446 2500 reduci,
471 2421 499 2487 si
525 2421 699 2509 corrupti:
729 2419 900 2508 quinimo
924 2419 1053 2486 comica
1067 2419 1204 2488 licentia

193 2530 299 2618 magis
312 2533 414 2617 atque
429 2528 538 2617 magis
554 2527 846 2606 deformabantur,
864 2526 909 2594 ita
925 2531 994 2593 ute
1010 2525 1143 2594 theatro
1168 2525 1203 2591 in

193 2636 371 2725 templum,
398 2654 417 2702 a
442 2655 545 2703 scena
567 2633 610 2700 ad
630 2653 705 2701 aras
732 2633 972 2722 commigraret
997 2631 1147 2714 lascivia,
1170 2638 1204 2700 et

192 2743 281 2831 quod
295 2743 386 2811 inter
400 2742 508 2810 risum
523 2746 733 2828 exceperunt
747 2745 956 2828 spectatores
974 2739 1099 2829 pietate
1115 2758 1200 2826 qua-

192 2847 267 2916 dam
296 2855 538 2937 temperatum,
565 2867 625 2936 per
651 2846 771 2926 risum,
803 2849 858 2914 vix
884 2847 1009 2936 pietate
1034 2845 1196 2925 admixta,

193 2960 433 3024 venerarentur
450 2955 622 3045 supplices
639 2953 665 3022 ⁴.
1160 2975 1162 2978 ·

663 3274 725 3340 Η.

231 3488 494 3577 Aristophanem
507 3488 681 3575 amystice
691 3488 787 3556 omni
800 3486 966 3575 religione
975 3484 1200 3556 abhorruisse

188 3595 424 3665 demonstrant
443 3616 512 3665 non
529 3596 642 3664 solum
665 3615 705 3664 ea
727 3615 804 3684 quae
831 3591 990 3682 praedicta
1019 3597 1112 3670 sunt,
1137 3588 1199 3658 sed

188 3705 354 3793 praecipue
364 3704 628 3772 adventitiorum
639 3703 821 3770 numinum
832 3706 866 3769 et
874 3719 915 3769 ex
926 3698 1078 3767 barbaris
1086 3698 1200 3768 oriun-

217 3908 227 3943 ¹
244 3909 338 3971 chlst„
353 3909 421 3968 ΝΗ,
432 3911 464 3958 ad
473 3911 516 3958 fin.
527 3925 533 3967 3
546 3909 645 3966 rheam..
658 3911 702 3957 663
713 3914 736 3956 et
745 3921 807 3968 seq..
822 3909 866 3955 7¹5
876 3909 901 3953 et
910 3919 977 3966 scq.;
990 3906 1063 3962 llam,
1075 3902 1130 3960 ael,
1142 3903 1196 3954 675.

215 3986 349 4048 ’AEnran.,
367 3993 424 4039 ναν.
438 3990 505 4048 tet,
521 3992 549 4048 V,
567 3994 602 4038 lo.
619 3991 654 4039 cl.
669 3992 775 4048 Lenaea,
788 3985 916 4050 aptaret„
933 3988 971 4034 77.

214 4068 226 4103 ³
242 4073 275 4118 lte
286 4085 337 4130 quo
348 4071 400 4118 vid.
418 4073 524 4127 Laenas,
537 4070 608 4132 thia,
626 4072 671 4117 628
688 4074 777 4136 etseq.

216 4148 227 4191 l
241 4151 304 4200 Vide
317 4150 482 4217 Bpimem.
