3156 5082
688 537 826 590 ..87-

245 662 527 738 monstrabimus,
547 663 581 727 in
602 662 886 750 philosophorum
912 668 1032 742 castra,
1050 662 1190 752 abjectis
1205 683 1263 734 ve

246 770 377 837 teribus
392 768 507 846 armis,
527 768 671 834 transire
692 775 723 834 et
748 775 863 857 aperte
890 768 1054 836 adversus
1088 769 1263 857 antiquam

247 877 445 964 religionem
467 876 612 964 grassari
640 874 797 952 videtur;
822 879 860 942 ut
881 877 908 942 si
933 876 1009 963 quis
1031 875 1075 941 ab
1099 880 1262 959 Equitum

245 985 393 1054 lectione
410 1003 485 1050 sese
500 981 541 1050 ad
557 982 645 1048 hanc
660 981 810 1048 fabulam
824 983 987 1059 conferat,
998 983 1094 1050 velut
1113 983 1146 1048 in
1160 982 1261 1050 aliam

246 1110 342 1159 oram
373 1091 506 1157 delatus
522 1089 576 1156 vix
600 1089 697 1156 illum
721 1089 985 1178 Aristophanem
1009 1109 1195 1178 agnoscere
1225 1109 1262 1156 se

247 1204 354 1290 putet,
376 1199 486 1286 quise

852 1383 883 1450 τῇ
898 1373 972 1431 πόλει

397 1479 500 1548 Προῐκα
511 1474 633 1544 γενναίως
649 1473 754 1545 &porcas
775 1473 819 1526 καὶ
835 1475 901 1536 θεοῖς
915 1475 1053 1548 ἐγχωρίοις
1073 1470 1082 1515 1

248 1701 411 1788 gloriatur
436 1709 469 1767 et
493 1721 618 1787 aegram
643 1721 784 1766 ornnem
807 1701 1075 1768 sollicitudiuem
1103 1722 1120 1766 a
1147 1708 1262 1769 mente

247 1813 412 1874 removet.
430 1808 504 1874 Non
516 1807 587 1894 Jam
599 1807 633 1871 in
648 1805 747 1894 plena
764 1805 1052 1895 laetaquelncears
1063 1808 1192 1875 cornice
1204 1807 1263 1874 flo-

248 1915 359 1993 rescit,
376 1913 436 1980 sed
458 1920 619 2002 tanquam
640 1914 675 1980 in
690 1933 768 1982 aere
782 1914 890 1982 denso
907 1923 941 1982 et
965 1914 1134 1994 morbido,
1160 1915 1261 2003 spiri-

248 2021 438 2089 tumtrahit
461 2021 683 2110 languentem
708 2028 870 2110 metuque
906 2021 1010 2089 futuri
1045 2041 1260 2111 oppressum.

249 2130 364 2216 Neque
381 2129 502 2216 injuria
522 2153 528 2193 :
549 2148 663 2196 nonne
680 2135 778 2217 poeta
794 2129 879 2196 uait
899 2129 1091 2198 libertatem
1114 2129 1263 2197 exstinc-

251 2243 330 2314 tam,
346 2244 462 2319 λιπαρὰς
488 2235 563 2302 illas
585 2235 736 2302 Athenas
760 2258 845 2326 quas
880 2243 972 2304 tanto
999 2236 1266 2325 prosequebatur

248 2364 363 2412 amore
382 2343 518 2432 fastigio
530 2344 646 2431 gloriae
662 2346 909 2433 potestatisque
925 2365 1073 2424 eversas,
1093 2345 1263 2412 Socratem

249 2453 346 2540 cujus
373 2451 482 2517 serius
518 2451 658 2538 agnovit
692 2452 892 2539 sapientiam
934 2451 1187 2538 amicitiamque
1213 2457 1265 2518 est

250 2557 403 2637 meritus,
425 2557 561 2646 publico
577 2559 821 2646 interemptum
835 2557 964 2646 judicio
979 2559 1071 2646 quod
1087 2559 1160 2646 ipse
1174 2556 1265 2626 vida-

249 2667 347 2734 batur
362 2667 575 2756 suggessisse
589 2691 596 2744 ;
633 2667 917 2755 philosophorum
940 2688 1061 2755 graves
1092 2666 1264 2734 doctrinas

249 2774 404 2863 turpibus
426 2780 573 2841 mutatas
593 2774 909 2863 superstitionibus,
938 2775 1143 2842 coinoediam
1167 2773 1260 2841 deni·

249 2902 315 2970 que
329 2882 464 2971 proprio
480 2881 633 2948 orbatam
655 2882 786 2950 honore
800 2891 833 2950 at
861 2883 1012 2950 civilium
1028 2904 1154 2964 rerum,
1172 2881 1265 2950 unda

249 2990 433 3056 maximam
448 2988 547 3056 samae
563 3010 633 3056 suaa
659 2997 789 3077 partem
811 2989 965 3069 duxerat,
989 3011 1132 3058 censura
1147 2991 1264 3058 exclu—

251 3097 449 3175 samtouid
469 3099 594 3163 mirum
628 3099 668 3174 si,
698 3098 834 3164 fortuna
865 3103 1020 3166 vertente
1043 3107 1076 3166 et
1105 3097 1266 3165 omnibus

252 3205 376 3272 vitaeiu
407 3205 505 3293 pejus
526 3202 714 3270 desidentis
739 3204 1006 3284 conditionibus,
1030 3203 1271 3298 aristophanis⁸

250 3311 426 3400 ingenium
441 3309 634 3378 necessitati
651 3331 764 3378 rernm
777 3313 994 3390 concesserit,
1008 3319 1040 3379 et
1055 3331 1074 3378 a
1091 3312 1200 3400 priore
1212 3312 1266 3377 via

250 3417 427 3487 deflexerit
444 3422 481 3484 ²?

293 3527 378 3594 Huic
397 3526 567 3614 praectarae
583 3527 860 3594 commentationi
877 3527 962 3594 nihil
976 3527 1085 3594 habeo
1098 3526 1190 3615 quod
1208 3527 1265 3594 ob·

247 3636 373 3725 jiciam,
391 3641 426 3702 et
449 3634 562 3723 potius
578 3633 677 3701 novis
690 3633 778 3700 infra
803 3635 1025 3722 comprobare
1042 3634 1145 3701 velim
1167 3654 1266 3722 argu-

251 3743 375 3810 mentis
388 3762 463 3810 eam
476 3761 579 3828 quam
599 3741 802 3829 impugnare
815 3741 1004 3809 contrariis.
1027 3743 1133 3818 Quam
1149 3747 1265 3808 tamen

252 3855 385 3940 oportet
405 3868 424 3915 a
446 3848 693 3938 Naegelsbacbii
716 3848 981 3936 Aristophanem
1011 3847 1267 3936 interpretantis

281 4070 291 4107 ¹
310 4073 390 4120 aad.
420 4074 474 4119 57⁶1.

281 4087 383 4202 'Pdura
397 4107 442 4200 bic
462 4153 493 4199 ad
513 4153 659 4199 sententiam
681 4151 768 4198 Kockii
791 4153 933 4200 addidimus
951 4155 1105 4211 argumenta,
1124 4151 1168 4200 sed
1186 4152 1219 4198 ita
1241 4153 1268 4198 ut

252 4247 332 4294 neque
348 4246 433 4294 urgere
449 4245 529 4292 noque
542 4237 676 4279 oxtonuure
690 4245 743 4278 cern
760 4231 909 4280 videremur.
