3156 5082
782 507 939 564 ..Μ-.-

260 683 268 698 .
351 635 575 706 commixtam
591 633 795 714 doctrinam,
815 635 927 723 qualis
957 634 1000 703 eb
1016 634 1187 725 Orphicis,
1215 635 1366 704 Onoma-

352 747 608 823 critoauotore,
626 749 661 812 et
676 741 899 832 Pythagoreis
925 749 1090 810 exornata
1116 741 1239 823 fuerat,
1259 742 1365 833 profi-

353 853 532 933 tebantur;
558 871 635 941 quae
654 871 733 918 cum
762 849 931 938 corrigere
956 849 1069 938 potius
1089 856 1124 918 et
1156 849 1365 939 amplificare

352 965 508 1029 veterum
522 958 644 1049 placita
661 977 765 1046 quam
783 955 946 1024 damnare
960 956 1159 1035 conahatur,
1176 957 1211 1024 in
1227 957 1364 1026 turbato

352 1068 411 1136 illo
431 1067 626 1136 animorum
646 1071 783 1134 aestuet
803 1063 941 1152 ancipiti
975 1063 1174 1133 divinornm
1202 1063 1365 1134 sollicito,-

353 1175 444 1254 dine‚
461 1175 629 1264 optimum
660 1172 724 1262 piis
752 1171 926 1240 mentibus
959 1171 1134 1264 praebebat
1154 1171 1364 1262 perfugium.

350 1283 418 1350 alii
435 1281 642 1359 lonicorum,
672 1285 710 1347 ut
729 1280 964 1357 nominantur,
997 1278 1105 1346 innixi
1134 1280 1308 1368 principiis
1332 1284 1367 1348 et

354 1389 477 1460 rationi
494 1395 627 1456 tautum
639 1385 763 1456 addicti
791 1386 972 1475 magistrae,
992 1407 1125 1454 suarna
1147 1387 1267 1475 prisaae
1282 1393 1365 1454 aete·

352 1499 395 1567 tis
411 1496 584 1566 erroribus
603 1496 649 1563 ita
663 1500 887 1584 segregarunt
901 1492 1006 1561 fidem
1024 1498 1060 1561 ut
1076 1493 1207 1560 nnllam
1225 1495 1365 1582 sopien-

352 1604 407 1671 tiae
422 1623 499 1670 cum
516 1603 760 1690 superstitione
775 1601 973 1670 societatem
1000 1620 1077 1668 esse
1102 1600 1243 1680 vellent,
1263 1607 1297 1669 et
1322 1599 1366 1669 de

351 1711 625 1801 integrotompla
648 1716 913 1779 succenserent
939 1708 1150 1788 aedificanda,
1173 1709 1277 1776 unius
1301 1729 1365 1776 nn·

349 1819 454 1886 minis
475 1817 618 1886 lundata
633 1819 866 1906 persuasione,
881 1837 1034 1904 ‚quorum
1058 1815 1195 1884 aditum
1221 1836 1293 1884 non
1308 1837 1364 1883 ar-

351 1923 476 1990 chai'cae
496 1929 628 1991 tantum
645 1922 820 2012 religionis
835 1921 1036 2004 fautoribus
1050 1923 1110 1990 sed
1123 1922 1216 1991 illius
1227 1943 1365 2011 qnoque

351 2031 405 2096 cui
420 2034 584 2113 orphismi
607 2049 734 2097 nomen
754 2029 978 2110 inditumest,
998 2029 1220 2120 denegarent.
1237 2030 1364 2099 Ambos

351 2134 426 2202 illes
442 2135 609 2223 religiosae
624 2135 800 2224 sapientiae
815 2136 943 2203 formas
959 2137 1005 2204 ita
1014 2139 1150 2207 vexavit
1168 2137 1366 2226 Aristopha-

352 2263 425 2323 nes
444 2248 481 2310 nt
497 2242 659 2330 piissimae
673 2240 1005 2324 mexime'illnde'ret,
1024 2245 1053 2312 ei
1080 2264 1281 2332 veroquam
1300 2265 1363 2332 pro

350 2349 442 2417 illius
462 2350 628 2438 temporis
640 2349 770 2438 judicic
782 2370 862 2418 vere
877 2351 1018 2439 impiam
1032 2352 1211 2420 nominare
1223 2351 1313 2431 licet,
1327 2352 1362 2417 in

350 2458 469 2524 multis
485 2456 659 2525 videretur
676 2457 846 2527 assentiri.

396 2564 552 2631 Vidimus
572 2565 641 2653 jam
673 2565 880 2632 recentiores
911 2563 995 2633 deos
1033 2587 1182 2654 quorum
1207 2567 1362 2657 religioni

350 2671 602 2759 posthomerica
641 2677 722 2738 aetas
761 2672 1012 2740 incrementum
1055 2673 1160 2753 dedit,
1198 2675 1359 2750 Hermen,

351 2778 519 2846 Bacchum
534 2785 636 2865 alque
653 2779 830 2846 Heraclem
855 2780 976 2848 acriter
1000 2780 1178 2849 lacessitos
1196 2805 1204 2862 ;
1227 2784 1362 2871 inques

351 2885 473 2975 probra
494 2885 601 2952 multe
612 2892 713 2975 atque
730 2887 882 2953 convicia
896 2888 1081 2975 congessit,
1097 2889 1193 2977 quasi
1208 2889 1362 2978 indigne-

320 2984 322 2988 ’
349 3001 443 3062 retur
463 2994 517 3060 his
532 2995 777 3062 recentioribus
794 2994 859 3062 diis
875 2994 1043 3084 Apollinis
1063 2999 1292 3086 Minervaeque
1307 3018 1362 3066 ve-

350 3101 501 3169 neranda
517 3108 650 3190 sceptra
669 3121 688 3168 a
706 3103 824 3168 multis
844 3101 980 3170 deferri.
999 3103 1073 3170 Non
1095 3104 1272 3193 vulgarem
1287 3111 1361 3171 tun-

349 3217 422 3276 tum
448 3208 614 3298 orphismi
644 3216 788 3298 partem,
822 3209 884 3278 sed
915 3211 1159 3299 sapientiorem
1186 3213 1302 3290 etiam,
1322 3231 1362 3279 ea

350 3335 474 3404 nempe
492 3315 652 3404 dogmata
663 3315 952 3403 quibusrecentes
969 3318 1121 3407 theologi
1132 3317 1264 3386 fabulas
1279 3339 1362 3407 prae-

349 3419 457 3490 teritae
472 3423 580 3489 aetatis
597 3422 774 3490 tentabant
794 3424 1007 3515 interpretari
1028 3433 1063 3493 et
1087 3427 1218 3495 ratione
1234 3425 1359 3515 probe-

250 3579 252 3584 .
339 3526 436 3594 biles
455 3525 610 3609 reddere,
629 3529 663 3596 iu
680 3531 845 3598 cornicem
868 3533 1038 3600 convertit
1059 3535 1250 3601 materiam.
1268 3534 1362 3600 Inter

349 3635 457 3701 multa
479 3635 555 3716 elia,
574 3657 650 3724 quae
679 3637 788 3705 risum
814 3639 903 3707 ultro
921 3641 1114 3728 potuissent
1135 3661 1285 3720 movere,
1304 3645 1360 3722 ut-

348 3748 428 3829 pote
449 3743 703 3830 superstitionis
722 3745 928 3834 turpissimae
954 3744 1089 3827 indicia,
1108 3748 1143 3814 in
1158 3746 1283 3835 quibus
1299 3744 1359 3814 de·

336 3847 502 3916 ridendis
522 3849 734 3939 perditarum
744 3852 938 3921 fabularum
952 3853 1108 3942 plurimae
1121 3853 1357 3932 versabantur,

347 3975 386 4024 ee
399 3956 502 4045 elegit
519 3958 740 4047 orphicorum
759 3959 893 4048 placita,
916 3960 1163 4028 comoediarum
1179 3979 1361 4050 argumen-

334 4057 338 4111 1
347 4063 389 4131 tis
409 4064 711 4146 accommodanda,
726 4088 804 4156 quae
822 4067 902 4154 tide
917 4067 1120 4157 dignissime
1135 4074 1170 4136 et
1190 4067 1234 4134 ad
1250 4068 1358 4156 pieta-

345 4170 611 4240 temfovendam
626 4173 804 4262 aptissima
824 4181 906 4243 sunt
931 4200 937 4242 :
959 4175 1140 4264 allegorice
1160 4175 1357 4244 seilicetex·
