3156 5082
775 543 935 602 ..ιω-

348 673 569 744 terrestribus
583 671 742 752 vinculis,
763 670 878 740 anima
896 671 939 740 cd
952 687 1083 742 moram
1095 687 1194 743 suam
1205 677 1363 744 nstumrn

348 801 388 850 ac
402 780 636 851 conditionem
654 778 769 862 rediit,
785 773 841 847 alii
854 785 958 870 atque
979 779 1001 848 ii
1028 780 1242 870 antiquiores
1259 783 1295 851 in
1308 784 1363 851 in»

348 889 431 959 ieris
444 887 476 959 oi
491 887 610 958 sedem
624 887 855 977 assignarunt,
871 887 944 957 sive
954 893 992 956 ut
1003 887 1104 957 honre
1122 889 1202 958 vite
1214 889 1261 958 ihi
1276 891 1363 959 soci-

349 1001 444 1089 peret
459 994 665 1076 mercedem,
680 995 754 1064 sive
767 1001 805 1064 ut
815 995 992 1086 culparum
1014 997 1146 1066 elueret
1160 997 1311 1067 maculas
1328 1003 1364 1068 et

350 1109 484 1196 peccatu
499 1103 618 1194 piaret.
633 1101 698 1171 Alii
713 1103 812 1192 paulo
827 1108 907 1172 ante
929 1103 1170 1195 Aristophanis
1194 1111 1361 1195 tempora,

351 1212 509 1282 eamdem
529 1211 573 1280 de
586 1211 710 1280 animis
726 1209 917 1280 doctrinam
930 1229 1008 1281 oum
1022 1213 1233 1282 astronomia
1246 1234 1365 1284 conso-

350 1323 538 1401 ciavemnt,
557 1325 591 1389 et
603 1317 722 1389 sedem
736 1318 908 1409 propriam
922 1318 1094 1389 honorum
1107 1321 1364 1390 collocaruntin

350 1430 464 1499 astris.
476 1427 560 1497 Inde
574 1427 666 1518 genii
691 1425 862 1496 radiantes
881 1428 1004 1497 ceteris
1019 1425 1233 1516 hominibus,
1250 1429 1366 1498 adhuc

350 1538 387 1606 in
417 1539 585 1604 terrarum
622 1534 743 1604 exsilio
777 1533 997 1625 degentibus,
1031 1536 1211 1626 invigilare
1236 1551 1366 1626 eosque

350 1643 437 1714 tueri
445 1643 683 1714 credebantur.
696 1643 757 1712 His
767 1643 961 1712 Graecorum
972 1645 1105 1734 placitis
1114 1645 1236 1713 miram
1250 1645 1366 1715 inesse

351 1753 500 1845 speciem
515 1769 585 1822 non
596 1749 864 1843 pulchritudinis
879 1757 1015 1822 tantum
1029 1756 1172 1842 poeticas
1186 1751 1248 1823 sed
1263 1761 1366 1824 rectae

350 1863 453 1931 etiam
482 1860 623 1930 rationis
656 1873 758 1929 nemo
791 1857 942 1949 negabit,
977 1858 1147 1950 siquidem
1182 1861 1275 1952 apud
1301 1883 1366 1932 nos

351 1968 540 2039 doctissimi
556 1967 669 2036 viriet
688 1967 806 2036 subtili
818 1953 974 2037 eriornati
999 1967 1166 2053 doctrina,
1188 1970 1276 2038 nihil
1291 1992 1365 2040 me-

352 2078 420 2148 lius
438 2075 482 2145 de
497 2075 696 2145 conditione
711 2081 828 2144 nostra
847 2076 963 2146 futura
988 2071 1196 2148 invenerunt
1214 2083 1238 2148 ¹.
1257 2081 1366 2158 Quam

353 2183 512 2254 Socratici
526 2203 546 2252 a
559 2181 853 2274 Pythagoreorum
864 2191 1055 2274 purgamnt
1074 2183 1258 2267 erroribus,
1273 2187 1367 2258 unde

352 2291 473 2364 eadem
488 2292 597 2364 ferme
609 2291 674 2360 suh
690 2291 801 2360 forma
831 2292 865 2359 in
885 2292 1109 2362 christianam
1125 2294 1232 2364 fidem
1252 2302 1364 2366 traus-

353 2404 422 2472 lata
436 2407 502 2471 est.

396 2511 581 2598 Utramque
598 2507 641 2578 de
657 2509 840 2578 immortali
865 2509 979 2579 anima
999 2509 1216 2602 disciplinam
1232 2513 1366 2584 Aristo·

353 2617 486 2708 phanes
505 2616 602 2685 norit
615 2622 717 2706 atque
739 2617 811 2685 risu
836 2619 1040 2708 conspersit,
1058 2621 1201 2689 alteram
1213 2623 1248 2690 in
1267 2627 1363 2704 Pace,

354 2726 496 2794 alteram
511 2725 546 2791 in
561 2727 673 2792 Bonis.

397 2833 579 2922 Trygaeum
600 2829 644 2900 ab
660 2831 805 2924 Olympo
825 2833 986 2904 reducem
1007 2839 1228 2925 percontatur
1242 2857 1365 2906 servus

346 2931 468 3009 ¹utrum
484 2938 589 3008 alium
606 2940 803 3032 quempiam
817 2941 996 3011 hominem
1023 2942 1058 3010 in
1086 2953 1164 3012 aere
1183 2951 1365 3034 vagantem

353 3047 478 3118 viderit
493 3051 521 3116 ².
534 3047 684 3131 Minime,
698 3047 895 3140 respondet,

943 3218 964 3270 tl
980 3219 1015 3292 μή
1029 3217 1059 3292 ’γε’
1074 3236 1126 3274 που

533 3323 632 3398 Ψυχὰς
646 3317 688 3379 δύ’
703 3321 718 3383 ἦ
736 3327 807 3398 τρεῖς
821 3318 1146 3399 διθυραμὸοδιδασκάλων,

352 3523 634 3605 lustatfamulus,
652 3543 707 3594 res
724 3523 759 3591 iu
778 3543 916 3594 summo
932 3524 1061 3594 aethere
1082 3531 1197 3614 gestas
1221 3525 1367 3596 investi-

354 3630 458 3721 gandi
471 3631 617 3721 cupidus
634 3655 641 3700 :

533 3817 589 3871 Οὐκ
605 3811 637 3875 ἦν
651 3810 697 3890 ἄρ’
712 3792 918 3894 osofttls'yiofissjt
932 3817 1004 3871 κατὰ
1020 3817 1066 3871 τὸν
1082 3817 1158 3892 ἀέρα,

533 3896 574 3976 ds
584 3911 690 3990 ἀστέρσς
703 3896 927 3990 γιγνρᾑεθ’,’ὅὲἆν
942 3933 982 3977 τις
998 3914 1135 3990 ἀποθανῇς

385 4157 395 4193 ¹
412 4162 440 4209 V.
453 4161 518 4208 inter
529 4162 587 4219 alia,
601 4158 714 4219 risurus,
730 4165 761 4212 Le
774 4161 924 4212 Laudamia
937 4161 966 4211 de
980 4157 1006 4210 la
1021 4163 1094 4211 mort.

363 4305 366 4312 Ι
385 4237 486 4299 Ῥω..
502 4244 546 4290 827
561 4245 649 4303 etseq.
