3114 5088
650 574 791 628 ...21-

201 697 324 774 Quum
344 697 452 765 semel
465 697 547 765 artis
562 696 764 787 dignitatem
780 698 983 789 adeptcerat
994 712 1138 791 τρυγῳδία,
1155 721 1235 770 non·

201 801 371 872 destiter
385 805 478 872 omni
496 811 589 892 parte
604 821 682 872 cum
707 806 900 896 primordiis
929 807 999 875 suis
1022 828 1223 898 congruere,
1269 843 1277 872 .-

202 915 244 978 et
258 910 595 979 censuraelicentiam
610 911 645 979 in
672 911 815 981 deorum
848 914 1035 1004 patrocinio
1064 917 1224 986 servavit.

203 1017 391 1107 Religiosis
415 1018 556 1105 hymnis
586 1017 744 1088 decorem
772 1019 905 1087 addidit
933 1023 1167 1111 augustiorem
1194 1030 1228 1092 et

203 1127 368 1214 amplum
382 1145 518 1215 semper
540 1128 709 1194 concessit
733 1127 859 1195 locum.
885 1128 983 1205 Quod
1011 1135 1125 1197 tamen
1145 1131 1228 1200 artis

206 1235 322 1322 magis
335 1253 437 1322 quam
454 1253 558 1301 meru¹
583 1234 717 1322 pietatis
741 1234 939 1303 babendum
965 1241 1017 1304 est
1046 1236 1224 1306 indicium.

206 1343 298 1409 Nam
331 1348 512 1430 postquam
537 1340 734 1410 infelicitate
773 1349 969 1431 temporum
996 1349 1030 1412 et
1059 1344 1227 1412 exhausto

207 1449 342 1529 aerario,
361 1447 663 1536 eboregiasublata
679 1456 742 1527 est,
761 1469 867 1538 pauca
890 1452 1066 1542 religionis
1090 1471 1227 1522 reman-
1251 1527 1254 1532 ,

208 1562 331 1625 serunt
344 1556 381 1623 in
397 1555 520 1623 fabulis
540 1553 684 1643 vestigia
696 1577 704 1632 ;
724 1553 811 1620 nibil
832 1555 901 1643 jam
919 1562 1035 1625 sancta
1055 1565 1089 1626 ot
1104 1557 1167 1625 rite
1191 1559 1226 1626 in
1288 1594 1291 1600 -

208 1683 312 1732 scena
328 1669 380 1732 est
399 1662 629 1745 decantatum,
647 1681 758 1750 neque
772 1663 917 1752 impium
933 1664 1111 1733 comoedia
1127 1685 1224 1754 argu·

116 1827 120 1834 .
210 1777 369 1839 mentam
381 1770 445 1859 piis
460 1768 668 1837 carminibus
681 1774 989 1858 temperatumest.
1040 1839 1044 1846 ,
1153 1821 1156 1828 t

256 1877 352 1956 Quod
377 1879 404 1945 si
429 1877 627 1960 ridiculum,⁸
653 1878 789 1966 proprie
807 1877 985 1946 comoediae
1006 1879 1166 1959 materia,
1185 1900 1227 1949 ex
1299 1944 1306 1962 ,

209 1985 487 2054 discordantibus
503 1987 591 2053 inter
607 2005 644 2053 se
666 1992 700 2053 et
714 1985 864 2053 invicem
884 1987 1158 2076 repugnantibus
1172 2007 1227 2056 re-

210 2116 286 2162 rum
315 2099 375 2162 aut
404 2113 627 2184 personarum
660 2093 841 2161 elementis
869 2095 1007 2182 profluit
1026 2099 1056 2174 ¹,
1087 2115 1228 2164 necesse

210 2209 282 2271 erat
298 2208 336 2270 ut
349 2216 380 2270 τὸ
393 2217 460 2271 θεῖον
478 2202 639 2268 bumanae
652 2201 876 2269 imbecillitati
895 2202 1120 2291 pravitatique
1135 2223 1226 2271 com-

211 2310 369 2392 mixtum,
386 2310 561 2378 communi
574 2308 700 2396 alioqui
717 2328 821 2376 sensu
836 2308 1038 2388 abhorrens
1058 2309 1101 2376 ad
1118 2310 1225 2376 risum

210 2426 244 2486 et
258 2419 350 2508 vulgi
366 2417 627 2486 delectationem
640 2415 913 2504 detorqueretur.
931 2415 1061 2484 Divinae
1079 2417 1226 2484 civitatis

210 2532 330 2604 status,
350 2525 460 2615 qualis
479 2524 522 2591 ab
544 2523 733 2591 Homericis
751 2543 934 2613 expressus
953 2523 1075 2605 fuerat,
1098 2521 1141 2592 ad
1158 2524 1224 2591 bu-

209 2653 346 2700 manam
361 2633 594 2700 conlbrmatus
614 2631 893 2711 similitudinem,
913 2637 1034 2720 suapte
1054 2638 1175 2700 natura
1190 2638 1225 2700 et

210 2741 404 2811 conditione
417 2740 555 2807 comicae
567 2738 735 2808 facundie
750 2738 912 2809 admovet
927 2739 1098 2818 stimulos,
1117 2745 1151 2808 et
1166 2761 1225 2830 po·

212 2850 362 2940 pularem
373 2847 560 2937 procaciam
573 2847 690 2936 pascit,
704 2847 808 2914 simul
820 2854 922 2936 atque
933 2846 1071 2916 labente
1085 2847 1221 2936 pietate,

211 2958 380 3036 homines
398 2955 518 3024 altiore
532 2954 656 3023 eruditi
671 2954 836 3034 doctrina,
853 2954 957 3024 deum
974 2955 1104 3023 ratione
1120 2961 1223 3044 atque

210 3070 326 3134 mente
349 3064 528 3153 concipere
555 3053 731 3152 incipiunt.
760 3062 854 3129 Tunc
878 3068 1056 3150 augustam
1079 3051 1222 3130 deornm

212 3175 425 3264 majestatem
440 3190 458 3237 a
478 3170 695 3260 philosophis
711 3169 888 3237 delinitam
908 3189 979 3236 non
994 3169 1065 3258 jam
1081 3169 1223 3257 impune

211 3281 306 3350 licuit
324 3279 520 3348 consociare
540 3278 702 3345 humanis
718 3277 975 3345 infirmitatibus
990 3282 1024 3345 et
1040 3297 1119 3344 cum
1134 3296 1222 3344 mor-

211 3389 334 3456 talibus
353 3387 445 3454 vitiis
467 3398 642 3478 παραλλήλως
663 3385 837 3464 conferre,
862 3386 945 3474 quin
967 3385 1057 3453 ultro
1077 3383 1119 3451 ad
1135 3417 1224 3473 capp

209 3506 279 3580 δίαν,
311 3494 587 3583 copiosissimum
615 3491 748 3561 ridiculi
764 3492 908 3572 fontem,
936 3493 1104 3560 incitaret.
1129 3491 1223 3558 Nihil

213 3604 316 3693 igitur
332 3601 457 3670 mirum
477 3601 518 3681 si,
540 3621 609 3689 quo
634 3605 788 3690 tempore
814 3600 1011 3689 philosophi
1034 3599 1069 3671 iu
1090 3614 1224 3689 &topano-

208 3710 380 3787 utucdeos
404 3707 565 3776 omnibus
591 3708 746 3776 instructi
771 3707 875 3775 armis
901 3711 1162 3796 processerunt,
1187 3713 1242 3773 et.

206 3820 277 3908 jam
304 3818 427 3906 cuique
446 3835 567 3884 manca
590 3820 625 3883 et
650 3834 669 3883 e
695 3814 872 3883 contrariis
901 3813 1047 3881 conflata
1065 3831 1142 3881 esse
1157 3830 1219 3878 na-

211 3931 285 3994 tura
304 3944 424 3994 eorum
448 3923 626 4015 apparuit,
654 3926 764 4013 poetae
791 3920 911 3991 comici
938 3939 1040 4010 opera
1056 3937 1118 3987 sua
1139 3918 1220 3988 inde

238 4188 247 4224 ¹
270 4193 364 4247 harem,
381 4192 455 4247 Post,
472 4191 499 4238 V.
517 4188 553 4240 Τὸ
565 4185 661 4256 psiathi
676 4187 740 4237 locui
750 4185 881 4251 ἀμάμημά
894 4201 926 4244 τι,
940 4185 982 4234 καὶ
994 4183 1080 4249 αἶσχος
1096 4182 1221 4233 ἀνώδυνον

209 4271 249 4320 καὶ
259 4271 288 4322 οὐ
301 4269 439 4336 φθαρτικόν.
