3156 5082
777 485 919 540 -50-

340 607 407 676 illae
430 607 739 677 commentationes
766 616 801 678 et
816 611 852 677 in
881 608 1052 699 plerisque
1065 607 1273 698 prohabiles,
1298 627 1360 696 pc-

342 735 419 783 rnm
439 735 502 783 nos
514 720 665 784 movent.
677 715 763 784 fllnd
776 717 869 785 enim
887 736 948 805 pro
961 721 1053 783 certo
1066 714 1265 783 habendum
1281 719 1356 782 est:

343 820 407 889 suh
427 821 546 889 Bacchi
565 821 670 889 simul
691 825 794 911 atque
813 820 969 890 Herculis
987 821 1128 889 nomine
1153 826 1212 887 aut
1238 819 1360 888 hahitu

343 927 540 1018 apparuisse
551 929 586 996 in
597 948 699 998 scena
714 948 907 1018 personam,
922 927 1010 995 infra
1021 947 1160 995 sarvam
1175 926 1359 994 ridiculum

343 1035 478 1123 ignavia
491 1041 525 1103 et
549 1037 678 1126 ineptia
708 1035 921 1115 collocatam,
944 1035 989 1102 ita
1015 1039 1053 1101 ut
1076 1033 1167 1100 inter
1184 1031 1357 1102 tenebrosi

345 1142 475 1209 itineris
485 1142 633 1230 pericula
642 1163 774 1224 servuS,
792 1143 854 1212 etsi
866 1142 1003 1230 ineptus
1016 1146 1051 1208 et
1061 1140 1225 1220 scurrilis,
1243 1140 1360 1229 specie

345 1248 493 1336 quadam
517 1250 656 1318 virtutis
679 1257 713 1318 et
732 1249 945 1328 constantiae,
969 1248 1140 1315 Bacchum
1157 1247 1357 1336 quemdam,

347 1355 420 1423 sive
434 1355 538 1423 deum
559 1357 632 1424 sive
656 1357 780 1437 civem,
798 1341 1021 1445 superaverit.
1039 1356 1130 1422 Num
1147 1354 1223 1423 sine
1236 1354 1361 1443 impie·

347 1468 416 1529 tate
434 1469 534 1550 poeta
554 1464 663 1562 potuit
686 1462 923 1531 venerandum
939 1463 985 1528 ita
1011 1461 1204 1530 deformare
1217 1481 1359 1542 nomen,
1417 1448 1421 1453 ’

347 1574 381 1635 et
396 1567 646 1639 dubitationem
668 1565 807 1660 injicere
826 1569 1000 1638 mentibus
1024 1574 1140 1638 utrum
1168 1568 1212 1637 de
1233 1568 1298 1636 deo
1317 1589 1363 1636 an

348 1675 391 1743 de
407 1676 543 1744 mortali
559 1677 714 1745 convicia
728 1677 787 1744 illa
803 1676 932 1766 prolate
947 1676 1041 1744 sint?

394 1781 427 1850 Si
442 1783 534 1851 enim
552 1784 595 1850 ah
620 1784 728 1874 ipsius
756 1790 865 1873 poetae
887 1784 1063 1851 voluntate
1083 1788 1185 1870 atque
1204 1783 1362 1862 consilio,

349 1911 427 1978 qnae
459 1889 595 1958 difficile
623 1895 675 1959 est
705 1889 862 1971 definire,
881 1889 922 1957 ad
951 1895 1180 1979 spectatorum
1208 1890 1365 1956 animum

350 1995 536 2064 evertimus
550 1997 679 2078 oculos,
702 2004 736 2066 et
750 1998 873 2086 qualis,
900 2004 1034 2087 peracta
1050 1995 1175 2076 fabula,
1198 1997 1366 2086 imperitae

352 2103 585 2172 multitudinis
619 2125 698 2194 erga
723 2105 895 2173 Bacchum
935 2105 1058 2184 fuerit,
1089 2111 1362 2193 perscrutamur,

351 2229 467 2278 nonne
487 2211 687 2300 religionem
706 2212 815 2301 ipsam
841 2211 1091 2282 deformatione
1115 2211 1172 2278 illa
1196 2213 1303 2301 pollui
1323 2212 1365 2280 li-

352 2316 471 2404 quebit
486 2323 520 2386 et
532 2318 718 2407 impietatis
739 2318 910 2398 stimulos,
929 2324 1111 2407 postquam
1134 2320 1262 2387 comice
1285 2339 1365 2388 eva-

353 2424 466 2491 nnerit
490 2423 639 2505 lascivia,
661 2426 842 2494 inhaesisse
868 2426 1066 2494 mentibus?
1096 2425 1366 2502 Quantumcum-
1472 2413 1477 2426 ’

354 2548 421 2615 que
454 2529 556 2598 fuerit
580 2531 844 2599 Atheniensium
873 2531 909 2597 in
937 2530 1182 2620 perpendenda
1200 2533 1368 2601 comoedia

353 2654 498 2702 acumen
516 2641 541 2717 ¹,
563 2644 840 2726 quantacumque
855 2637 1071 2726 perspicacia,
1094 2639 1148 2708 vel
1164 2639 1290 2707 inscios
1310 2661 1368 2708 oc-

355 2741 498 2830 cnpahat
506 2743 561 2811 dei
569 2749 788 2833 contemptus
799 2751 833 2812 et
843 2765 862 2813 e
872 2745 1046 2813 theatroin
1060 2766 1279 2815 communem
1289 2747 1370 2815 vitae

354 2850 640 2919 consuetudinem
659 2852 937 2922 transferebatur.
959 2855 1081 2942 Inque
1102 2855 1271 2923 risusnon
1288 2855 1370 2924 satis

357 2962 468 3045 potest
483 2958 710 3028 animadverti
729 2964 893 3049 potestas,
916 2961 974 3049 qui
993 2962 1028 3029 in
1048 2962 1133 3030 urhe
1148 2961 1274 3049 alioqui
1289 2962 1370 3031 reli-

356 3064 463 3154 giose,
482 3085 552 3133 non
567 3067 702 3134 veniam
718 3073 853 3136 tentum
865 3069 1104 3157 procacissimo
1115 3074 1225 3158 poetae
1237 3076 1270 3137 et
1284 3070 1371 3137 mul-

357 3178 471 3240 torum
505 3173 693 3241 inimicitiis
718 3173 864 3263 objecto
888 3175 950 3242 sed
976 3174 1249 3254 admirationem,
1272 3175 1371 3264 plau-

357 3299 429 3360 sus,
447 3298 590 3346 coronas
602 3279 644 3347 de
663 3279 799 3368 publico
815 3281 990 3348 meruerit.
1010 3283 1203 3350 Ceterarum
1214 3283 1371 3370 gentium

355 3385 436 3452 licet
452 3385 610 3452 evolvere
622 3393 846 3454 monumenta
859 3394 893 3456 et
910 3387 1126 3477 disciplinam
1140 3389 1368 3478 investigare:

357 3511 527 3579 nusquam
553 3512 628 3560 eam
659 3494 949 3581 aeqnanimitatem
978 3497 1013 3562 in
1047 3485 1173 3563 divinis
1202 3496 1351 3584 reperies
1359 3519 1370 3576 3

358 3619 528 3686 nusquam
558 3600 686 3689 ingenii
708 3601 908 3670 auctoritate
934 3608 1064 3670 tantam
1086 3602 1260 3671 licentiam
1287 3601 1374 3671 ohti-

358 3706 445 3773 nuit.
464 3707 535 3774 Mos
553 3714 606 3774 est
624 3707 715 3795 apud
737 3709 943 3776 recentiores
963 3709 1107 3776 Galliam
1121 3715 1276 3777 nostram
1292 3729 1371 3776 cum

359 3814 497 3892 Graecia,
513 3814 682 3882 Lutetiam
699 3815 902 3885 Parisiorum
921 3837 1000 3884 cum
1011 3816 1155 3884 Athenis
1171 3817 1375 3906 conterreat

359 3920 606 4010 Aristophanes
619 3921 878 4011 circumspicere
893 3943 1002 3992 novos
1019 3946 1026 3990 :
1044 3924 1102 4011 qui
1116 3942 1236 3994 vereor
1254 3927 1294 3992 ut
1313 3943 1375 3990 un-

390 4153 399 4190 ¹
413 4155 506 4218 Equis„
520 4158 574 4203 2³2.
590 4153 691 4213 Πάντως
697 4171 725 4221 γε
734 4157 777 4219 μὲν
785 4157 955 4220 γνωσθήσεται
966 4173 972 4186 ·
983 4156 1013 4206 τὸ
1022 4153 1068 4222 γὰρ
1079 4155 1179 4222 θέατρον
1188 4156 1276 4214 δέξιον.
