3156 5082
791 489 931 544 ..58-
1018 545 1021 550 Ι

353 612 548 702 excogitari.
565 615 746 702 Postquam
761 611 1128 699 inCherontisoymba
1147 612 1195 680 ed
1215 613 1379 682 Plutonis

355 719 446 788 aedes
466 725 666 808 perventum
682 725 734 788 est
754 725 762 768 ¹
780 726 814 788 et
826 728 953 790 tremor
965 720 1078 787 omnis
1093 721 1243 798 evanuit,
1259 719 1373 788 deum

356 825 518 914 primum,
536 827 703 895 Herculeo
728 826 861 906 habitu,
875 825 981 914 judex
998 828 1120 894 AEaous
1135 827 1373 895 conviciorum

354 931 463 1000 effuso
482 932 595 1000 obruit
627 933 782 1012 flumine,
815 953 919 1021 qnam
945 932 1098 1023 subrepti
1129 935 1212 1000 olim
1228 934 1372 1002 Cerberi

355 1058 452 1106 reum
472 1039 574 1120 fecit:
590 1059 668 1128 qum
681 1045 851 1128 sequntur
861 1039 1034 1107 Baeehnm
1050 1041 1153 1108 simei
1168 1045 1270 1129 atque
1285 1042 1374 1108 Her-

356 1145 491 1225 eulem,
527 1167 661 1214 necnon
695 1147 937 1235 Proserpinam
974 1153 1008 1214 et
1041 1147 1174 1227 Tartari
1207 1146 1373 1214 custodes

356 1252 568 1341 lepidissime
583 1257 617 1321 et
638 1253 810 1322 liberrime
839 1239 1095 1342 perstringunt;
1128 1253 1370 1321 immortalitas

356 1359 428 1446 ipsa
448 1380 491 1427 ne
507 1360 688 1428 verberum
703 1360 843 1449 quidem
861 1360 979 1448 elingit
998 1365 1130 1441 βάσανον,
1146 1360 1256 1428 donee
1274 1379 1371 1448 aper-

356 1467 399 1532 tis
423 1465 565 1546 foribus,
594 1467 803 1555 Proserpinae
837 1467 880 1534 de
909 1467 1028 1534 Raoohi
1058 1466 1235 1534 diuinitate
1264 1485 1369 1554 quarn

355 1592 457 1639 nemo
471 1572 596 1652 adhue,
614 1593 725 1661 neque
737 1593 898 1641 ranarum
913 1574 1040 1641 chorus
1056 1578 1090 1652 2,
1117 1593 1228 1660 neque
1247 1573 1369 1640 AEaous

355 1681 508 1768 agnovit,
523 1672 732 1769 permittitur
743 1681 923 1770 judicium.
941 1681 1014 1747 Non
1028 1687 1143 1748 tamen
1163 1679 1240 1748 ideo
1254 1679 1369 1747 omnis

356 1786 410 1855 dei
425 1787 536 1856 irrisio
558 1789 701 1867 tollitur,
732 1789 789 1876 qui
822 1789 911 1856 inter
926 1787 1127 1874 AEsohylum
1152 1785 1368 1875 Euripidem·

355 1913 422 1981 qne
440 1894 546 1983 J'udex
575 1894 728 1963 sedendo
754 1901 857 1983 atque
874 1893 1011 1971 arbiter,
1033 1895 1204 1983 ignaviam
1232 1894 1369 1962 exuisse
1395 1957 1403 1974 ,

355 2007 393 2067 nt
408 2000 587 2067 stultitiam
604 2008 638 2069 et
654 2000 876 2068 stoliditatem
899 2007 1090 2069 assumeret
1108 1999 1255 2068 videtur.

399 2106 686 2176 Deformationem
703 2107 797 2174 illam
811 2106 1103 2196 perpendentibus
1123 2127 1192 2174 non
1210 2114 1279 2174 tarn
1298 2113 1368 2176 stu-

355 2232 472 2302 porem
487 2223 603 2282 movet
618 2221 727 2303 poetae
755 2214 903 2292 lieentia,
923 2235 1000 2300 quae
1015 2215 1097 2281 artis
1117 2219 1218 2302 atque
1239 2215 1365 2302 ingenii

355 2320 609 2416 exeusationem
637 2327 750 2411 potest
772 2321 903 2400 afferre,
922 2340 1026 2407 quam
1046 2321 1308 2390 Atheniensium
1330 2323 1365 2388 in

357 2427 557 2516 excipienda
576 2427 690 2496 fabula
710 2429 850 2518 plausus
866 2435 968 2516 etque
982 2427 1089 2495 favor.
1105 2429 1168 2506 Qui
1180 2429 1305 2496 iterum
1321 2429 1368 2494 fa-

356 2534 473 2601 bulam
490 2533 604 2603 doceri
621 2535 846 2603 decreverunt
871 2541 904 2603 et
923 2535 1186 2624 Aristophanem
1208 2537 1291 2603 oleae
1311 2555 1365 2602 sa·

355 2661 411 2707 oro
438 2660 532 2709 remo
559 2648 766 2709 coronarunt
784 2647 811 2708 3.
848 2641 911 2719 Oui
944 2647 1130 2731 potuerunt
1170 2663 1240 2709 non
1279 2643 1367 2710 ferre

354 2747 459 2816 modo
475 2747 537 2816 sed
562 2768 725 2816 ooronere
739 2749 828 2816 hano
842 2749 1016 2817 lasciviam
1032 2748 1283 2838 Athenienses?
1298 2751 1366 2818 lm·

354 2854 499 2932 modica,
520 2855 554 2921 ni
564 2855 676 2935 fallor,
695 2861 804 2944 pootae
819 2857 975 2925 irrisione
985 2855 1163 2929 admoniti.
1178 2876 1247 2924 non
1261 2855 1366 2924 deum

355 2962 390 3027 in
406 2960 548 3030 ridiculo
562 2962 621 3030 illo
637 2964 767 3032 Baccho
780 2968 1008 3052 agnoverunt,
1022 2963 1082 3031 sed
1098 2965 1247 3052 speeiem
1262 2964 1366 3031 corni·

353 3087 427 3135 cem
447 3070 646 3157 quamlibet,
667 3077 762 3139 tanto
784 3072 926 3139 nomine
946 3069 1146 3138 adornatam
1166 3076 1204 3138 ut
1220 3070 1364 3138 deseen-

248 3241 252 3248 .
354 3195 413 3242 sus
426 3176 550 3244 Averni
570 3181 747 3266 appareret
766 3177 952 3264 probabilis
966 3178 1214 3265 ettragioorum
1228 3177 1317 3245 inter
1328 3197 1365 3244 se

352 3289 523 3350 certamen
538 3283 730 3371 legitimum
739 3282 890 3370 judicem
908 3283 1061 3352 haberet.

398 3389 713 3457 Commentatorum
734 3389 827 3457 enim
852 3390 1017 3478 plerique,
1037 3390 1297 3458 Stallbaumium
1314 3411 1364 3458 se-

353 3495 434 3574 cuti,
453 3514 512 3583 per
525 3495 646 3562 Bacchi
672 3514 854 3584 personam
876 3496 919 3565 de
939 3498 1075 3585 tragicis
1088 3499 1293 3565 sententiam
1318 3499 1365 3566 le-

353 3606 498 3682 rentem,
513 3603 679 3690 populum
707 3601 852 3692 intelligi
875 3604 1121 3671 Atheniensem
1147 3603 1363 3672 demonstra-

352 3715 445 3787 runt,
460 3707 507 3775 ita
525 3708 688 3778 mobilem
703 3709 738 3775 in
758 3710 881 3779 litteris
903 3709 996 3777 haud
1025 3729 1124 3777 secus
1143 3718 1244 3798 atque
1259 3711 1294 3778 in
1316 3712 1363 3779 oi·

383 3993 394 4034 l
414 3996 486 4053 lton„
504 3993 655 4055 leonissa.

381 4069 393 4112 ⁸
406 4078 451 4123 29⁰
464 4078 488 4123 al
498 4089 548 4136 seq.
566 4077 603 4125 Gi.
617 4075 662 4123 leo
675 4080 763 4136 etseq.

384 4153 444 4210 let,
460 4157 557 4214 banni,
571 4169 612 4217 op.
628 4155 706 4220 cim
724 4159 761 4212 lt,
803 4191 807 4198 ·
