3156 5082
761 495 920 549 -lle-

333 621 573 712 gravissimum
589 619 625 686 in
654 623 798 686 Nubibus
818 618 949 684 illatum
977 617 1107 685 crimen
1132 620 1260 684 tuetur.
1284 614 1345 683 ΑΙ-

337 737 408 798 tero
427 728 519 796 enim
541 727 695 794 Socrates
710 724 834 792 dicitur
850 744 947 791 novae
961 723 1215 814 superstitionis
1230 723 1347 810 generi

334 835 415 903 dare
435 855 586 926 operam,
607 847 768 922 popa-,opta
789 833 928 912 scilicet,
956 838 993 898 ut
1024 829 1178 898 Pisandri
1196 829 1346 896 animam

334 962 435 1030 quam
457 943 568 1020 vivus,
587 947 705 1028 utpote
722 941 856 1029 ignavia
874 939 1023 1017 infamis
1041 938 1213 1017 amiserat,
1232 957 1271 1006 ex
1291 937 1345 1003 in-

333 1048 414 1118 feris
429 1049 602 1118 excitaret.
630 1046 719 1115 lllud
745 1053 859 1114 tamen
882 1059 1037 1135 ψυχαγωγιῑ
1057 1045 1183 1133 duplici
1224 1065 1341 1124 sensu,

333 1160 451 1222 nostra
469 1153 609 1242 quidem
637 1155 819 1233 sententia,
848 1155 911 1220 erit
931 1151 1184 1242 explicandum,
1201 1171 1345 1240 praeser-

334 1264 395 1330 tim
415 1283 522 1349 quum
548 1253 682 1330 constat
707 1261 792 1329 nulli
817 1281 969 1350 unquam
990 1261 1148 1327 Asiaticae
1179 1260 1344 1348 supersti-

334 1370 418 1437 tioni
442 1371 612 1437 Socratem
632 1368 743 1436 ‚fuisse
768 1367 936 1435 deditum.
967 1367 1097 1456 Quippe
1121 1384 1256 1457 μαιευτική
1287 1365 1345 1432 illa

335 1475 554 1544 celeberrima
570 1475 781 1563 significatur
802 1473 1012 1564 philosophi,
1032 1495 1099 1561 qua
1119 1477 1288 1563 juvenum
1302 1470 1345 1538 ad

334 1602 371 1652 se
387 1580 522 1650 allicere
536 1586 670 1650 mentes
687 1581 842 1649 docendo
864 1587 898 1648 et
921 1580 1122 1650 delectando
1140 1600 1345 1648 consuesce·

333 1690 391 1758 bat
409 1693 433 1756 ¹.
453 1688 569 1757 Altero
585 1687 710 1757 deinde
727 1690 897 1755 Renarum
910 1688 998 1766 loce,
1015 1687 1057 1753 ad
1075 1687 1261 1755 idemillud
1275 1693 1343 1754 stu-

334 1796 431 1864 dium
449 1817 517 1884 quo
528 1797 675 1884 juvenes
691 1795 959 1884 ingeniosissimi
985 1793 1210 1862 trahebantur
1227 1794 1270 1860 ad
1283 1795 1344 1860 So·

335 1910 474 1983 cratem,
492 1901 667 1981 alluditur,
689 1903 736 1968 ita
765 1908 802 1968 ut
820 1901 960 1990 indigne
977 1921 1013 1969 se
1036 1901 1124 1969 ferre
1144 1903 1346 1990 profiteatur

333 2009 592 2097 Aristophanes
610 2010 645 2074 in
659 2007 780 2076 eadem
795 2008 879 2076 urbe
892 2007 1086 2096 pedestrem
1103 2007 1345 2098 philosophan-

333 2116 419 2182 tium
433 2114 628 2182 facundiam
641 2135 719 2181 cum
735 2114 844 2182 nobili
857 2122 1038 2204 poetarum
1052 2123 1124 2184 arte
1140 2117 1174 2183 in
1187 2115 1344 2185 erudien-

333 2221 386 2290 dis
401 2220 681 2308 delectandisque
696 2222 822 2289 civium
832 2223 955 2290 animis
967 2224 1130 2290 aemulari.
1150 2222 1235 2301 Quid
1251 2223 1345 2291 enim

333 2328 376 2396 de
396 2327 565 2396 eomoedia
580 2327 735 2395 futurum
752 2335 836 2408 erat,
856 2330 884 2395 si
908 2330 1137 2399 Athenienses
1160 2329 1343 2398 Socratico-

334 2456 411 2502 rum
424 2434 721 2503 adhortationibus
737 2441 853 2503 essent
866 2434 1044 2504 obsecuti?
1064 2439 1195 2527 Nempe
1208 2437 1344 2507 deserto

333 2541 468 2609 theatro
488 2540 546 2608 ubi
571 2541 760 2630 saepissime
783 2541 932 2610 facinora
955 2543 1097 2612 deorum
1130 2545 1344 2632 heroumque

333 2646 577 2715 deridebantur
591 2649 719 2714 comice
734 2655 793 2714 aut
820 2650 946 2736 tragice
970 2651 1235 2731 exornabantur,
1263 2671 1344 2719 cura

333 2754 446 2820 omnis
466 2753 617 2820 civilium
649 2750 923 2842 divinorumque,
944 2776 963 2823 e
985 2757 1109 2844 quibus
1133 2779 1187 2826 res
1215 2757 1344 2825 ludicra

332 2858 424 2948 apud
446 2858 576 2927 atticos
604 2860 809 2949 praecipuam
836 2863 1014 2934 materiam
1040 2864 1176 2933 haurire
1197 2863 1340 2945 solebat,

277 3009 279 3014 -
332 2963 458 3033 scholis
474 2971 508 3032 et
517 2968 710 3056 gymnasiis
727 2969 848 3036 fuisset
867 2970 1040 3038 conclusa.
1059 2972 1109 3039 lta
1122 2972 1157 3038 in
1171 2973 1342 3040 Socratem

330 3078 530 3162 ceterosque
545 3074 702 3163 ejusdem
717 3075 894 3164 sapientiae
916 3082 1101 3146 sectatores
1127 3079 1337 3160 invehendo,

330 3201 391 3267 pro
405 3199 465 3247 sua
481 3180 584 3249 dumo
598 3181 1107 3272 decertassehristophanernet
1125 3186 1343 3274 prohibuisse

331 3306 374 3352 ne
404 3286 622 3376 philosophia
650 3289 871 3377 praevalente,
889 3309 943 3358 ars
974 3293 1104 3360 musica
1129 3292 1172 3358 ad
1193 3293 1342 3360 nihilum

333 3391 511 3473 recideret,
530 3395 751 3462 manifestum
766 3402 829 3464 est.
844 3397 937 3464 Nihil
957 3406 1071 3466 tamen
1091 3400 1126 3466 in
1147 3399 1202 3466 his
1226 3421 1342 3468 occur-

331 3497 375 3564 rit
390 3497 492 3585 quod
507 3500 602 3589 prius
622 3502 656 3568 in
683 3507 830 3570 Nubibus
852 3503 984 3593 objecta
1011 3507 1153 3573 crimina
1178 3526 1342 3575 renovare

330 3609 388 3670 aut
402 3605 616 3676 inflammare
633 3608 800 3678 videatur.

374 3711 407 3776 Si
421 3713 498 3799 quis
510 3713 591 3782 inde
604 3715 764 3804 colligere
789 3719 871 3786 velit
883 3720 1148 3808 Aristophanem
1172 3727 1253 3787 Aoos
1277 3725 1340 3788 lto-

328 3839 458 3902 nosqoe
478 3819 658 3890 docentem
670 3823 833 3912 abjecisse
844 3828 1050 3894 sententiam
1064 3848 1167 3916 quam
1183 3836 1282 3898 antea
1298 3829 1341 3898 de

329 3926 464 3994 Socrate
489 3928 616 4008 tulerit,
644 3930 831 4000 leuioribus
866 3935 1077 4022 argumentis
1105 3936 1220 4024 magni
1253 3957 1339 4025 pon-

359 4158 367 4192 ¹
386 4162 420 4207 Ita
433 4175 532 4221 quoque
544 4164 587 4212 Ta.
600 4165 678 4222 Keos,
692 4165 775 4214 adnot.
789 4165 820 4215 ad
835 4169 888 4226 Au,
903 4169 972 4218 1555.
