3156 5082
697 536 730 544 -
750 505 785 564 35
803 536 837 544 ..

260 652 325 720 que
340 633 481 709 nomine
495 632 529 697 in
541 649 679 702 scenam
695 629 872 708 deferenti,
890 629 1023 720 integra
1033 635 1086 698 est
1098 633 1274 722 persuasio

259 739 344 810 nihil
360 759 471 828 neque
491 740 525 808 iu
558 736 713 806 civilibus
737 735 839 802 rehus
856 735 1038 824 excogitari
1054 756 1155 826 posse
1177 737 1269 828 quod

258 845 364 915 veteri
378 855 513 934 patrum
533 844 721 933 disciplina
737 848 873 931 praestet
896 851 954 912 aut
970 851 1196 934 comparetur.
1214 847 1273 914 Se-

259 958 410 1038 quuntur
438 956 585 1036 Equites,
613 955 729 1030 illudes,
757 948 863 1034 Vespa
884 950 1097 1048 quaefabulae
1114 950 1273 1020 dissimili

257 1063 459 1147 argumento
475 1076 513 1125 ae
528 1057 628 1144 stylo,
649 1055 770 1152 eadem
785 1062 898 1124 tamen
914 1078 982 1126 nen
995 1077 1081 1126 vena
1097 1058 1209 1126 solum
1224 1058 1274 1126 iu·

257 1165 347 1254 genii
369 1165 430 1236 sed
456 1185 570 1234 rerum
600 1164 756 1232 omnium
789 1164 1040 1232 existimatione
1064 1162 1267 1252 procedunt,

258 1271 385 1347 seilicet
398 1271 440 1342 ad
462 1271 605 1360 priscam
628 1291 761 1341 morum
779 1270 1022 1360 religionisque
1037 1271 1269 1359 iutegritatem

258 1377 467 1454 revocandos
478 1397 554 1462 esse
567 1378 711 1471 animos,
730 1385 763 1446 et
779 1397 797 1446 e
812 1378 946 1444 uiritate
957 1371 1154 1466 pellendum
1169 1398 1271 1446 nova·

256 1505 333 1554 rum
351 1505 466 1573 rerum
496 1484 726 1582 periculosum
752 1491 786 1552 et
824 1485 858 1552 in
885 1483 958 1551 dies
985 1483 1094 1588 magis
1114 1503 1271 1552 crescens
1355 1519 1359 1534 ·

255 1591 420 1664 studium.
443 1594 479 1660 lu
508 1596 614 1676 Vespr's
640 1599 752 1660 tamen
776 1593 847 1678 jam
874 1589 1071 1658 deliberatae
1086 1590 1270 1680 impietatis

255 1699 398 1788 vestigia
437 1699 594 1790 quedam
633 1697 890 1787 deprehendere
918 1697 1041 1785 possis,
1082 1696 1270 1766 dubitantis
1328 1691 1334 1706 '

254 1806 358 1893 animi
373 1811 407 1877 et
422 1806 535 1881 miuus
551 1804 698 1897 religiosi
717 1803 853 1874 iudicia.
869 1804 1267 1891 lirsequeutiveroannO,

254 1921 446 2006 expugnata
460 1914 543 2002 Pylo
564 1921 597 1980 et
612 1912 771 1981 secundis
787 1910 949 1980 omnihus
977 1911 1204 1981 Athenienses
1220 1914 1268 1980 in-

255 2021 429 2099 lleutihus,
449 2021 484 2094 ie
510 2025 594 2097 Pure
620 2019 666 2087 dii
691 2024 807 2108 aperte
831 2024 1004 2108 petuntur,
1034 2019 1269 2088 immoderatis

254 2127 445 2202 obruuntur
459 2127 631 2204 conviciis.
652 2128 689 2194 lu
707 2131 828 2194 luteus
849 2125 986 2207 deinde,
998 2147 1100 2218 quam
1118 2127 1270 2196 fabulam

253 2234 346 2304 ehria
360 2234 508 2324 quadem
537 2234 683 2302 civitatis
705 2233 864 2300 felicitate
888 2241 921 2300 et
938 2254 1040 2322 supra
1081 2234 1266 2302 humanam

140 2337 145 2346 '
253 2341 486 2411 conditionem
501 2340 703 2430 assurgendi
720 2339 879 2430 cupidine
895 2347 1009 2408 natarn
1033 2361 1109 2409 esse
1124 2341 1267 2422 diceres,

253 2449 411 2537 impietas
421 2450 494 2538 jem
512 2468 634 2516 omnes
650 2447 860 2516 transcendit
875 2449 963 2516 lines
976 2454 1010 2515 et
1032 2450 1175 2536 patriam
1189 2449 1267 2516 reli-

252 2559 391 2646 gionem
415 2577 434 2625 e
458 2556 693 2624 fundamentis
719 2557 862 2645 proruit.
889 2557 973 2624 Huic
1000 2562 1113 2624 tamen
1141 2557 1270 2625 insanae

252 2663 480 2744 confidentiae,
499 2670 625 2754 quauta
635 2683 807 2753 quamque
823 2666 889 2742 cito
907 2664 1059 2734 succedit
1072 2665 1266 2732 calamitas!

251 2774 372 2844 Nonne
387 2772 545 2841 Nemesis
559 2773 628 2853 illa,
641 2773 751 2861 culpae
764 2772 916 2862 vestigiis
934 2773 1109 2853 insistens,
1139 2772 1182 2841 de
1202 2794 1269 2862 qua

252 2887 384 2950 veteres
418 2887 528 2969 poetae
553 2880 712 2970 praeclara
739 2880 943 2958 cecinerant,
977 2880 1082 2946 nimia
1108 2881 1268 2950 felicitate

248 2988 438 3058 lascivienti
456 2988 580 3078 populo
597 2993 630 3056 et
650 2987 795 3055 deorum
825 2985 930 3053 ohlito
946 2988 1105 3075 ingruere
1119 2987 1266 3068 videtur,

250 3104 351 3185 atque
370 3097 490 3165 Siculae
509 3096 615 3166 eladis
630 3097 698 3164 ictu
718 3095 862 3163 deorum
889 3096 1157 3177 venerationem,
1181 3099 1270 3166 inter

252 3209 302 3272 tol
319 3204 518 3275 ambitiosas
531 3225 629 3274 curas
640 3203 821 3284 sublatam,
839 3203 1056 3270 instaurare?
1072 3205 1179 3281 Quam
1196 3205 1270 3293 qui-

251 3310 328 3380 dem
343 3311 436 3401 apud
448 3312 712 3400 Aristophanem
730 3312 804 3399 ejus
820 3310 866 3377 rei
880 3310 1048 3398 optimum
1064 3318 1200 3392 testem,
1220 3332 1270 3379 re-

250 3417 674 3507 novatumquodammodo
689 3418 743 3486 vel
767 3417 879 3505 potius
897 3423 1145 3498 renascentem,
1161 3419 1195 3485 iu
1209 3424 1269 3502 Lp-

249 3531 384 3591 sr'strutu
408 3526 571 3615 primum,
603 3533 679 3614 post
708 3527 811 3591 etiam
842 3524 877 3589 in
919 3528 1269 3608 Thesmophoriuzusts

249 3633 366 3702 videre
382 3641 435 3702 est
457 3659 463 3701 :
482 3635 610 3724 quippe
624 3633 764 3720 hymnis
782 3632 818 3698 in
838 3631 984 3700 deorum
1022 3631 1189 3700 honorem
1205 3633 1267 3700 de·

249 3740 392 3809 cantatis
407 3741 507 3810 latior
526 3741 629 3810 etiam
652 3757 756 3828 quarn
779 3744 879 3805 antea
900 3737 1092 3804 restituitur
1107 3738 1215 3818 locus,
1233 3745 1267 3806 et

250 3853 349 3934 poeta
363 3845 449 3916 deos
463 3866 583 3916 revera
598 3845 760 3914 humanis
780 3845 947 3911 interesse
969 3844 1071 3912 rebus
1086 3867 1128 3912 ex
1142 3845 1266 3933 impio-

249 3972 442 4042 rumpoena
469 3954 608 4044 colligit.
638 3954 746 4021 Pietas
763 3960 878 4018 tamen
905 3950 974 4030 illa,
1001 3951 1110 4018 semel
1134 3957 1168 4018 et
1199 3952 1262 4020 ite-

249 4079 325 4127 rum
339 4060 449 4127 anxiis
472 4060 607 4128 turbata
635 4055 925 4134 meditationibus,
945 4075 1034 4146 aegre
1051 4056 1093 4123 ad
1118 4059 1266 4147 priorem

248 4168 507 4260 persuasionem
528 4173 642 4262 potest
657 4163 795 4244 reduei;
825 4169 1025 4232 remaneant
1054 4183 1191 4255 semper
1206 4165 1267 4238 ‹lu-
