3156 5082
766 557 800 578 a.
822 527 875 591 τοι
893 563 927 575 -

351 671 367 710 x
384 670 633 760 Aristophanes
646 666 740 736 enim
752 661 886 730 deridet
899 658 1123 730 Acherusiam
1140 655 1300 747 paludem
1315 661 1351 738 ·¹,

340 797 432 872 tapsar
448 792 601 870 piparas...
617 788 689 846 πάνυ
706 781 836 854 taum,
854 773 888 838 et
903 768 1103 857 portitorem
1118 765 1206 846 Oroi,
1219 765 1356 834 duobus

339 888 450 957 obolis
464 883 625 975 acceptis,
643 879 775 950 animas
786 873 1070 945 transvehentem
1082 897 1091 954 ;
1103 879 1355 961 monstraque-

339 1016 407 1084 que
429 989 601 1062 horrende
625 995 659 1057 et
685 983 855 1056 terribiles
887 981 962 1050 visu
992 979 1133 1060 formas,
1155 997 1299 1068 quarum
1319 981 1354 1046 in

340 1098 599 1170 enumeratione
624 1094 792 1185 plurimus
814 1089 880 1157 fuit
906 1086 1132 1177 Empedocles
1150 1090 1176 1165 2,
1198 1086 1234 1154 in
1267 1086 1319 1152 ini
1341 1123 1354 1134 ·

341 1227 457 1277 rorum
488 1203 583 1272 aditu
613 1201 756 1292 positas,
783 1199 935 1265 immane
956 1193 1105 1282 denique
1137 1192 1353 1274 barathrum,

339 1319 468 1396 pipam
487 1316 570 1373 aaron
583 1317 629 1370 καὶ
647 1319 716 1390 exsp
732 1312 833 1379 aim,
863 1322 930 1390 quo
965 1300 1210 1370 sceleratorum
1237 1320 1356 1370 manes

341 1413 600 1500 demerguntur.
618 1407 709 1474 Nihil
727 1407 794 1476 nisi
819 1409 927 1477 risum
943 1416 1097 1488 movent,
1115 1428 1179 1476 neo
1194 1409 1277 1476 satis
1290 1409 1355 1474 mi·

342 1540 416 1587 rum
435 1515 607 1586 videbitur
619 1514 694 1584 haeo
707 1516 785 1584 talia
798 1515 978 1585 oomoediae
995 1515 1148 1604 potuisse
1158 1515 1262 1584 inseri
1279 1525 1356 1604 pro·

342 1625 463 1714 posite,
479 1645 555 1711 quae
570 1624 729 1692 Heracles
746 1629 783 1690 ut
798 1622 935 1692 fratrem
949 1629 1147 1713 perterreat,
1164 1622 1209 1690 de
1232 1623 1357 1712 impro-

340 1732 462 1800 borum
482 1744 597 1799 narrat
611 1729 809 1820 suppliciis3
825 1749 905 1798 nam
929 1729 1152 1798 atrocissimis
1167 1729 1356 1798 sceleribus

342 1838 491 1906 Morsimi
513 1837 630 1926 tragini
656 1836 731 1926 ipse
755 1835 933 1926 subjungit
974 1835 1116 1926 frigidas
1139 1850 1241 1926 ῥήσεις,
1268 1839 1359 1906 Bac-

343 1943 498 2033 ohnsque
513 1944 654 2014 Cinesiae
676 1943 885 2033 pyrrhioam.
903 1942 990 2021 Quid
1010 1943 1053 2014 de
1082 1943 1261 2012 Charontis
1281 1965 1357 2032 per-

346 2070 443 2129 sona,
466 2067 605 2118 servum
622 2050 777 2138 aoymha
791 2047 939 2119 arcentis
954 2050 1048 2138 quod
1064 2071 1133 2118 non
1148 2049 1191 2119 ad
1210 2051 1358 2140 Arginu-

343 2177 398 2225 sas
418 2158 653 2247 pugnavisset,
672 2158 990 2246 stomachantisque
1019 2157 1055 2226 in
1079 2158 1247 2226 Bacchum
1264 2157 1358 2246 quoe

343 2264 540 2333 ventriosns
560 2283 598 2332 eo
612 2265 708 2354 piger
724 2284 899 2333 remorum
912 2264 1020 2333 labori
1033 2265 1194 2334 cederat?
1210 2267 1296 2345 Quid
1314 2266 1358 2334 de

343 2373 443 2440 AEaoo
454 2371 571 2460 judice
585 2373 644 2461 qui
657 2372 816 2442 servilem
832 2371 876 2439 ad
900 2371 1133 2441 conditionem
1159 2373 1355 2462 depressus,

277 2483 288 2500 ¹
343 2478 517 2558 conviciis,
536 2478 723 2547 stoliditate
734 2478 989 2568 etimpudentia
999 2483 1077 2546 oum
1088 2481 1235 2549 Xanthia
1249 2501 1357 2550 aemu-

348 2585 439 2652 latur
458 2591 471 2652 i
1038 2643 1040 2646 .

360 2683 363 2690 ⁴
388 2695 450 2761 Fas
470 2701 542 2762 erat
555 2693 774 2783 Aristophani
790 2696 824 2761 in
845 2695 1107 2763 immoderatam
1131 2698 1224 2764 iilam
1242 2702 1357 2786 poeta-

347 2821 423 2866 rum
439 2799 795 2889 philosophorumque
815 2802 991 2870 seientiam
1020 2802 1063 2870 de
1079 2803 1197 2872 inieris
1229 2803 1357 2882 invehi,

349 2908 407 2997 qni
432 2907 475 2975 de
503 2907 629 2996 ignotis
662 2907 764 2977 nehus
792 2911 1004 2978 somniantes
1028 2919 1063 2978 et
1077 2911 1261 3000 fingentes,
1277 2912 1361 2982 den-

352 3035 409 3081 sos
424 3015 617 3082 conflarunt
640 3015 759 3096 iihros,
784 3037 847 3084 neo
875 3036 1012 3106 semper
1037 3018 1211 3087 intellectu
1229 3020 1356 3088 faciles

346 3122 468 3190 Nonne
485 3123 615 3212 optime
625 3122 783 3191 Xanthiae
798 3125 1020 3213 interroganti
1038 3125 1094 3192 uhi
1106 3126 1229 3194 herum
1244 3126 1288 3194 sit
1302 3148 1361 3215 op·

346 3237 517 3318 parturus,
536 3229 668 3298 Charon
680 3230 867 3320 respondet
883 3233 895 3277 ³
913 3255 920 3297 :

768 3416 848 3490 Παρὰ
862 3417 907 3471 τὸν
924 3418 1038 3472 Αὑαίνου
1054 3418 1123 3472 λίθον

545 3497 595 3566 rint
612 3519 674 3574 ταῖς
689 3511 871 3576 ἀναπαύλαις.

390 3742 555 3812 motarum
585 3736 803 3818 percontatur
827 3733 1004 3814 Baoahus;
1033 3735 1086 3803 oui
1116 3736 1244 3805 comice
1268 3737 1357 3803 Xan-

347 3834 436 3902 thias
449 3859 455 3902 :

334 4073 338 4082 ·
377 4047 386 4082 ¹
406 4049 478 4106 iiam,
498 4052 643 4110 ittoiaen.

332 4151 337 4162 ·
378 4128 390 4163 ¹
406 4131 442 4179 Gi.
458 4133 541 4188 Vino..
556 4135 613 4191 Era,
628 4129 669 4191 VI,
685 4137 708 4190 8.
724 4135 782 4182 oum
794 4137 904 4185 adnotat.
919 4139 1033 4187 Banorer.

377 4208 390 4244 ³
407 4213 480 4270 Rau..
495 4213 548 4262 iai.
