3114 5088
769 495 910 550 „13-

333 622 479 712 posteris
508 619 689 701 disserere,
709 619 993 690 commu-nicetio.
1025 621 1154 690 tutin
1181 622 1348 692 concione

333 737 485 800 oratores
512 750 589 818 quae
613 728 678 797 sibi
704 727 996 818 probarentur,ad
1017 749 1089 798 rem
1114 729 1285 818 publicam
1313 737 1349 800 et

333 838 478 906 civitatis
490 837 822 905 administrationem
845 835 1062 924 pertinentia,
1091 836 1180 926 plebi
1204 857 1347 928 persua-

331 945 476 1026 debant3
496 952 555 1012 aut
567 942 775 1033 philosophi,
795 944 829 1010 in
855 943 945 1012 ludis
962 951 996 1012 et
1011 945 1222 1033 gymnasiis,
1250 945 1344 1027 dein,

333 1055 467 1122 Socrate
479 1060 629 1130 auctore,
648 1071 708 1140 per
724 1051 795 1118 vias
816 1059 850 1120 et
871 1052 1020 1140 compita
1039 1073 1117 1120 cum
1141 1052 1345 1122 adolescen-

333 1159 424 1228 tibus
453 1159 641 1247 prasertim
671 1157 978 1246 colloquebantur;
1016 1167 1074 1228 aut
1099 1160 1196 1230 festis
1223 1161 1346 1230 Bacchi

333 1267 561 1354 Minervaeque
595 1265 820 1346 solemnibus,
858 1266 1034 1355 tragoediee
1066 1268 1251 1357 primordia
1285 1291 1345 1336 ur-

333 1374 441 1456 bium,
454 1373 601 1442 heroicis
610 1373 923 1453 illustratafabulis,
937 1374 971 1440 in
981 1393 1116 1442 scenam
1130 1375 1342 1457 deferebant;

333 1480 511 1550 comoediae
534 1479 660 1550 deinde
683 1481 905 1569 praesentium
928 1501 1042 1549 rerum
1065 1482 1245 1550 ridiculam
1269 1503 1347 1553 cen-

332 1589 495 1658 suramin
515 1588 777 1657 delectationem
805 1588 993 1672 vertebant.
1027 1591 1205 1679 Nusquam
1229 1591 1347 1660 aberat

333 1698 1346 1788 divinorumcuraetcommamoratio.Oratoresplerumque

333 1806 554 1874 consiliorum
565 1825 707 1872 suorum
724 1804 924 1893 religionem
935 1805 1136 1894 adJutricem
1157 1807 1343 1887 habebant,

333 1921 367 1980 et
387 1913 603 1980 oraculorum
618 1911 783 2001 dignitate
794 1914 966 2002 propriam
983 1932 1079 1980 suam
1107 1915 1345 1983 auctoritatem

333 2019 452 2089 fulcire
481 2019 703 2086 conabuntur.
745 2019 942 2108 Philosophi
973 2041 1121 2108 quorum
1156 2021 1346 2112 disciplinae

333 2126 483 2214 primum
497 2125 628 2214 privato
648 2125 819 2214 colloquio
833 2131 892 2194 aut
914 2128 998 2193 raris
1018 2127 1113 2196 libris
1144 2149 1204 2217 per
1226 2129 1345 2198 orbem

333 2233 626 2315 diffundebantur,
662 2234 895 2323 sophistarum
927 2236 1068 2304 nomine
1096 2244 1278 2326 postquam
1309 2240 1344 2306 in

332 2341 469 2430 publico
484 2341 571 2410 sicut
601 2348 752 2411 oratores
774 2349 1006 2432 apparuerunt
1032 2348 1066 2412 et
1093 2345 1247 2413 Socrates
1272 2346 1346 2434 ipse

332 2449 533 2536 popularem
571 2448 827 2537 quodammodo
867 2450 1013 2519 docendi
1058 2451 1346 2522 consuetudinem

331 2555 422 2636 fecit,
438 2557 683 2646 sapientiailla,
697 2558 940 2646 superstitione
952 2558 1155 2642 abhorrens
1166 2560 1347 2630 videbatur

331 2665 431 2752 quasi
446 2664 481 2730 in
497 2665 683 2732 certamine
708 2685 787 2732 cum
816 2664 1015 2755 demagogis
1041 2667 1345 2758 sacerdotibusque

332 2771 496 2852 emulari,
517 2777 551 2839 et
567 2771 708 2840 rationis
723 2773 912 2841 constituto
931 2774 1251 2864 imperiopublieis
1275 2780 1346 2868 pri-

332 2879 488 2968 vatisque
500 2879 699 2948 vulneribus
709 2880 878 2949 medelam
890 2881 1022 2950 afferre.
1034 2883 1211 2972 Tragoedia
1220 2885 1347 2954 comm-

332 2984 455 3074 dieque
470 2987 534 3055 etsi
546 2987 655 3055 rarius
670 2993 704 3056 et
725 2989 826 3058 certis
845 2994 980 3056 tantum
1006 2988 1127 3058 diebus
1147 2991 1342 3080 prodibant,

330 3095 523 3184 gratissima
562 3096 665 3164 simul
707 3102 741 3165 et
778 3096 1012 3165 efficacissima
1051 3103 1220 3187 potestate
1257 3099 1345 3168 frue-

331 3202 467 3270 bantur.
487 3203 616 3292 Quippe
632 3203 806 3292 religionis
820 3204 932 3291 specie
952 3204 1154 3294 spectaculis
1177 3199 1344 3276 interesse

332 3328 408 3375 mos
437 3314 520 3388 arat,
554 3329 624 3375 non
652 3308 921 3376 'Atheniensibus
951 3311 1062 3378 solum
1089 3313 1151 3383 sed
1182 3314 1344 3382 omnibus

332 3415 725 3505 Graeciaegentibusquae
738 3416 1042 3487 Panathcnaeorum
1055 3425 1089 3489 et
1100 3421 1343 3510 Dionysiorum

333 3524 546 3592 solemnibus
579 3525 700 3594 urbem
737 3524 779 3592 ad
818 3524 852 3602 id
884 3528 1052 3617 praecipue
1079 3529 1275 3598 invisebant
1305 3537 1345 3598 ut

332 3633 475 3702 scenicis
488 3632 627 3701 ludicris
641 3633 813 3701 adessent.
832 3635 1012 3703 Poetarum
1027 3636 1074 3704 illi
1092 3638 1150 3725 qui
1167 3638 1343 3730 egregium

332 3737 417 3807 illud
437 3729 542 3808 totius
556 3741 691 3809 Graeciae
711 3740 921 3811 delectandas
954 3750 1056 3831 atque
1086 3745 1285 3815 erudiendae
1308 3747 1343 3814 in

333 3848 466 3918 theatro
482 3869 610 3916 munus
634 3849 699 3916 sibi
719 3849 947 3932 vindicarunt,
974 3852 1091 3940 patriae
1111 3853 1287 3943 religionis
1309 3855 1344 3921 in

333 3957 440 4025 tutela
451 3957 619 4038 collocati,
648 3963 681 4024 et
701 3977 743 4025 ex
768 3959 942 4028 veteribus
966 3958 1162 4028 fabularum
1190 3960 1345 4030 fontibus

332 4066 668 4154 materiamoperum
695 4085 837 4135 suornm
864 4059 1041 4136 trahentes
1062 4089 1132 4138 non
1159 4075 1346 4160 potuerunt

332 4173 414 4262 quin
437 4195 517 4243 vera
532 4174 658 4266 pietate
673 4173 766 4244 ducti
783 4180 841 4244 aut
858 4175 980 4246 saltem
992 4178 1074 4247 artis
1093 4177 1195 4269 'leges
1221 4181 1343 4263 secuti,
