3114 5088
787 513 928 568 ..sg-

350 640 415 708 sihi
438 639 556 710 titulos
581 638 770 719 vindicans,
797 639 892 728 operi
916 639 1074 726 cuiqnam
1101 640 1155 709 vel
1176 659 1281 730 pravo
1309 643 1369 710 rel

351 747 512 826 honeste,
541 744 731 814 dummodo
754 745 884 812 victum
908 745 978 812 sihi
991 745 1071 814 inde
1096 753 1281 836 comparet,
1304 767 1368 837 ap-

351 861 424 922 tum
450 874 487 922 se
515 859 697 944 praestar1.
725 853 749 920 E
774 852 946 940 Chremyli
971 851 1074 921 domo
1099 855 1285 943 procaciter
1309 875 1368 923 ox-

349 962 466 1029 clnsns
488 981 507 1028 a
527 982 626 1030 servo
641 961 793 1040 Curione,
808 973 947 1049 ἐναγωνίου
964 959 1104 1028 tandem
1118 960 1257 1028 nomino
1272 961 1364 1028 exci-

350 1069 454 1158 pitur,
472 1069 572 1156 coqui
590 1070 738 1157 primunr
752 1067 876 1136 servile
892 1067 1043 1134 officium
1059 1065 1222 1134 facturus.
1240 1066 1300 1144 Qui
1318 1067 1368 1132 ita

349 1175 453 1242 deum
472 1174 570 1243 illum
590 1176 624 1242 in
650 1174 786 1243 duobus
813 1173 938 1241 iahulis
964 1179 1166 1242 exornatum
1190 1173 1297 1241 fuisse
1320 1173 1366 1240 ah

348 1282 578 1371 Aristophane
593 1281 776 1372 reputahit,
795 1280 973 1348 mirabitur
989 1282 1104 1348 minus
1123 1280 1269 1350 fortasse
1284 1301 1364 1347 cnm

348 1389 463 1457 derisu
473 1394 508 1457 et
518 1389 721 1457 obscoenum
733 1408 794 1478 per
799 1390 915 1476 jocum
931 1390 1116 1478 hppmmtcs
1133 1387 1167 1454 in
1180 1392 1365 1469 Lysistrotc

346 1495 452 1563 alludi
468 1495 608 1564 facinori
628 1499 658 1577 2;
676 1502 710 1563 et
724 1515 831 1584 quum
843 1494 1028 1564 Alcibiadis
1038 1493 1280 1584 proditionem,
1299 1494 1365 1561 hac

347 1602 517 1692 Euripidis
537 1604 710 1672 sententia
724 1603 864 1670 innixus
876 1601 1124 1690 Aristophanes
1140 1625 1147 1668 :

526 1799 630 1874 Harpis
643 1797 695 1874 γάρ
709 1799 765 1854 ders
778 1792 844 1854 πᾶσ’
860 1791 895 1852 ἵν’
912 1791 944 1852 ἂν
957 1795 1061 1873 πράττῃ
1076 1815 1115 1860 τις
1129 1789 1169 1867 εὖ,

344 2025 545 2105 sappinorum
577 2017 929 2095 commemoravisset,
959 2015 1006 2083 ite
1030 2015 1119 2104 turpi
1147 2015 1363 2084 cavillatione

345 2121 571 2210 impietatem,
585 2142 689 2211 qnam
703 2128 752 2191 tot
768 2120 881 2190 clades
897 2122 1262 2210 eluereneqniverunt,
1279 2141 1363 2210 quo-

346 2227 532 2298 dammodo
546 2229 714 2300 excusari.

388 2337 467 2406 Haec
483 2344 600 2406 tamen
615 2342 744 2426 postea,
770 2357 878 2425 quum
902 2337 1021 2426 primis
1045 2335 1246 2404 confirmata
1261 2356 1362 2425 expe-

345 2443 512 2524 rimentis,
543 2446 671 2534 majora
691 2445 762 2532 jam
784 2449 955 2512 tentatura
973 2449 1027 2511 est
1041 2441 1280 2530 Aristophanis
1297 2443 1362 2537 im-

344 2550 465 2637 pietas.
482 2552 562 2628 Quae
575 2552 702 2620 veroin
718 2556 802 2618 Poce
815 2551 1023 2620 lineamenta
1044 2556 1181 2622 exstent
1192 2550 1361 2618 irrisionis

344 2662 378 2724 et
404 2658 499 2725 velut
521 2660 664 2738 semina,
690 2660 724 2725 in
747 2665 881 2742 Anthus,
902 2664 1004 2726 Rcots
1022 2665 1124 2746 atque
1142 2663 1239 2724 Pluto
1257 2659 1359 2747 [tleno

344 2763 429 2831 flore
452 2764 673 2853 pubescentia
695 2767 856 2853 reperies.
886 2767 1052 2854 Olympus
1072 2767 1165 2834 enim
1189 2765 1359 2834 scarahaeo

344 2890 413 2938 non
430 2870 566 2939 videtur
584 2871 760 2962 indignus
785 2873 818 2939 in
840 2895 907 2961 quo
926 2872 972 2939 dii
983 2887 1220 2963 πορνοεοσκοῡντις
1237 2873 1358 2941 dicun·
1445 2873 1447 2876 ’

342 2981 448 3058 tur3,
478 2984 511 3046 et
540 2979 747 3078 Ganymedis
777 2980 947 3048 ambrosia
977 2980 1231 3069 paratissimum
1260 3000 1358 3048 novae

341 3085 465 3174 aquilae
496 3087 611 3154 cihum
637 3087 822 3177 praestabit.
849 3089 970 3157 Nonne
994 3088 1103 3176 Opora
1127 3087 1354 3176 Theoriaqne,

341 3196 435 3262 Pacis
455 3197 610 3274 comites,
643 3195 860 3284 impudenter
886 3197 1120 3264 meretricibus
1144 3196 1357 3285 aeqniparan-

341 3307 407 3380 tur,
437 3309 473 3368 et
500 3302 733 3390 turpissimam
754 3302 946 3370 mercedem
966 3325 1027 3391 pro
1046 3304 1171 3372 amissa
1187 3303 1357 3371 ambrosia

341 3406 514 3494 accipiunt
532 3407 566 3473 tt

287 3569 291 3578 .
383 3513 443 3580 His
467 3513 679 3603 impietatem
702 3515 834 3596 abesse,
862 3537 931 3584 non
953 3537 1028 3585 eam
1044 3539 1120 3606 quae
1140 3518 1224 3588 deos
1254 3524 1356 3608 neget

340 3619 401 3687 sed
417 3639 493 3708 quae
518 3622 594 3690 ilios
618 3624 652 3690 in
680 3628 914 3712 contemptum
941 3623 1098 3703 adducat,
1129 3624 1266 3694 difficile
1292 3626 1356 3694 erit

340 3724 585 3798 demonstrare.
602 3732 649 3800 De
662 3731 838 3800 voluntate
855 3735 888 3801 et
902 3731 1044 3800 consilio
1061 3733 1208 3800 auctoris
1218 3733 1354 3800 omitte-

369 3940 378 3975 ¹
394 3940 468 4000 atat,
487 3947 637 4001 1097,1175.

367 4013 502 4074 'Lysiam
521 4019 589 4065 1093.
606 4018 642 4066 Gt.
658 4020 753 4080 Ensis,
773 4020 872 4080 fragm,
887 4023 931 4068 ree
944 4024 967 4068 st
977 4021 1030 4068 866.

370 4091 466 4153 Uace..
482 4096 537 4154 847,
555 4097 608 4146 724.

370 4172 466 4237 ⁴lhid.‚
487 4181 540 4226 885.
