3156 5082
618 503 777 558 -125...

191 629 297 708 ribus,
319 628 509 697 inferorum
534 634 777 716 expresserunt
792 627 990 718 imaginem,
1009 629 1094 697 alter
1109 628 1151 696 ad
1162 630 1203 697 ir·

192 737 368 815 risiouem,
380 734 466 802 alter
478 734 591 822 lyricis
604 735 888 824 philosophorum
901 735 1056 803 ornando
1068 735 1201 824 placita,

192 843 278 910 alter
295 841 449 931 populari
465 841 545 910 fidei
569 842 603 908 in
620 842 787 931 tragoedia
807 843 990 911 obsecutus
1008 843 1116 931 :quos
1133 863 1203 910 om·

193 971 255 1018 nes
271 950 437 1038 permixte
449 956 555 1018 vexat
574 955 608 1017 et
625 948 758 1018 deridet
782 951 1040 1039 Aristophanes,
1059 951 1204 1018 Socratis

193 1062 438 1136 accusatorem,
462 1056 738 1144 Socraticumque
763 1057 944 1126 Ciuesiam.
971 1058 1088 1145 Neque
1103 1057 1203 1124 abso·

193 1186 278 1233 num
293 1163 358 1232 fuit
377 1163 645 1232 Atheniensibus
660 1165 783 1233 eodem
803 1166 838 1232 in
862 1164 1008 1244 theatm,
1027 1165 1143 1252 paucis
1155 1163 1205 1231 iu-

194 1271 342 1359 tcrjectis
372 1270 484 1352 anuis,
498 1270 640 1338 ridiculo
670 1273 795 1340 Socrati
834 1279 868 1340 et
895 1272 1061 1340 infamato
1091 1271 1204 1338 Melito
1238 1331 1244 1343 ,

194 1378 367 1468 plaudere.
592 1455 596 1464 ‚

237 1485 329 1551 Nihil
344 1486 468 1554 melius
483 1507 547 1554 nos
569 1493 602 1554 et
620 1493 731 1577 poetae
756 1487 876 1555 comici
896 1487 931 1555 in
948 1488 1117 1576 religiosis
1130 1486 1205 1554 ani-

195 1612 291 1658 mum
305 1598 340 1660 et
360 1593 572 1662 Athenarum
596 1594 815 1681 irrequietum
840 1593 1112 1680 mutabilemque
1134 1593 1206 1681 opi-

197 1701 337 1768 nionem
359 1699 480 1767 docere
495 1706 610 1790 potest
626 1725 634 1780 ;
653 1699 873 1776 nihilclarius
884 1701 1050 1768 rationem
1065 1697 1208 1766 reddere

197 1827 256 1874 cur
272 1805 520 1896 Aristophanes
536 1808 609 1895 ipse
623 1828 683 1895 per
697 1808 849 1875 convicia
874 1807 909 1874 in
938 1807 1115 1894 antiquam
1134 1804 1207 1872 reli-

196 1914 334 2002 gionem
356 1915 523 1992 invectus
552 1913 726 1982 interdum
746 1914 947 2002 religionem
964 1914 1059 1982 visus
1089 1912 1132 1979 sit
1152 1910 1208 1979 de·

196 2017 347 2099 tendere,
368 2025 403 2087 et
418 2021 589 2088 Socratem
604 2021 726 2088 acriter
738 2039 921 2110 aggressus
936 2022 969 2087 in
987 2039 1098 2105 scena,
1120 2039 1207 2086 uun-

197 2145 299 2215 quam
316 2121 469 2216 pri'vatus
484 2127 695 2194 familiariter
711 2127 847 2194 Socrate
864 2133 898 2194 et
911 2126 1206 2194 Socraticisomni·

197 2232 261 2299 bus
279 2233 326 2299 uti
338 2231 518 2300 destiterit.
537 2233 667 2322 Nempe
691 2235 779 2301 sicut
791 2240 890 2323 poeta
907 2233 1022 2300 omnia
1038 2231 1080 2299 ad
1097 2239 1207 2299 artem

198 2360 295 2406 suam
308 2339 487 2428 dirigebat,
503 2341 555 2408 cui
568 2361 819 2429 nonuunquam
830 2341 933 2430 leges
953 2359 1078 2418 mores
1098 2339 1206 2428 pieta-

200 2453 268 2512 tem
282 2465 361 2536 erga
376 2445 471 2526 deos,
490 2466 694 2534 magnorum
710 2447 861 2514 virorum
888 2447 1009 2513 merita
1022 2452 1056 2513 et
1068 2443 1205 2512 divino-

199 2573 275 2620 rum
297 2560 487 2643 respeotum
519 2552 721 2621 submittere
746 2574 815 2620 non
838 2552 1017 2632 dubitavit,
1041 2553 1086 2618 ita
1106 2551 1208 2619 Athe·

200 2659 337 2729 nienses
353 2681 461 2729 unum
474 2659 508 2726 id
524 2680 610 2750 opus
626 2658 805 2727 comedia
824 2660 1008 2740 duxerunt,
1026 2665 1062 2726 ut
1077 2679 1137 2727 eos
1154 2659 1209 2746 ju·

200 2766 311 2834 cunda
331 2787 456 2847 rernm,
475 2767 668 2848 hominum,
691 2768 836 2835 deorum
849 2768 1038 2834 imitatione
1060 2764 1208 2833 delecta-

200 2879 263 2950 ret,
283 2878 316 2940 et
336 2875 443 2941 risum
456 2894 673 2962 quocumque
688 2873 792 2941 modo
815 2875 978 2942 excitaret
992 2893 1052 2962 per
1067 2892 1206 2940 cuneos

201 2981 261 3058 Oui
276 2986 482 3068 spectatores
510 2980 663 3061 aderant,
682 2980 808 3068 quique
837 2986 931 3047 vates
946 2980 981 3045 in
998 2999 1098 3047 scena
1112 2978 1211 3047 doce-

200 3087 282 3153 bant
298 3087 441 3167 fabulas,
461 3108 541 3156 cura
556 3089 766 3176 reliquorum
792 3087 933 3176 abjecta,
966 3085 1138 3153 theatrum
1156 3085 1209 3152 in-

202 3196 309 3284 gressi
323 3194 366 3262 ad
381 3197 554 3265 lasciviam
568 3217 673 3265 uuam
694 3195 938 3264 convertebant
954 3195 1100 3262 animos.
1118 3195 1210 3260 Aris·

204 3303 344 3391 tophani
360 3305 442 3372 satis
464 3305 507 3372 sit
533 3305 626 3395 quod
654 3305 829 3393 proposito
845 3323 907 3372 suo
922 3302 1051 3390 optime
1070 3320 1211 3389 respon·

203 3407 289 3476 derit
303 3416 336 3478 et
350 3411 612 3481 Atheniensium
634 3411 906 3500 expectationem
932 3408 1148 3497 feresemper
1165 3408 1211 3475 vi-

204 3516 296 3582 cerit.
308 3517 357 3584 Ne
372 3523 486 3586 tamen
502 3518 566 3586 sibi
586 3518 652 3584 uisi
674 3519 802 3584 comice
830 3538 965 3584 morum
980 3514 1211 3584 emendatoris

204 3627 237 3687 et
260 3623 437 3711 sapientiae
461 3624 665 3713 professoris
692 3623 828 3690 titulum
850 3622 1011 3702 vindicet,
1028 3623 1093 3688 nisi
1118 3621 1161 3690 de
1174 3643 1211 3691 se

204 3738 358 3818 posteros
385 3735 538 3801 severius
552 3753 657 3821 quam
669 3732 814 3799 Socratis
829 3730 1015 3820 discipulos
1031 3729 1105 3798 vult
1123 3731 1212 3820 judi-

204 3857 290 3908 care.

248 3945 396 4024 Ouodad
413 3969 476 4018 uos
495 3950 628 4030 attinet,
652 3949 979 4020 commentationem
999 3947 1089 4017 hanc
1102 3968 1121 4015 a
1136 3945 1211 4016 Pla-

204 4059 283 4122 toue
298 4056 472 4144 auspicati,
489 4059 643 4148 ejusdem
659 4059 807 4126 nominis
821 4057 1011 4147 patrocinio
1022 4077 1090 4146 quo
1101 4063 1213 4146 coepta

205 4170 256 4230 est
285 4163 432 4232 velimus
464 4167 688 4245 concludere3
711 4169 769 4255 qui
796 4187 873 4235 cum
899 4167 1004 4234 nimia
1032 4167 1213 4236 severitate
