3156 5082
768 533 928 591 -loe-

345 658 444 728 solita
471 661 725 752 magnificentia
739 659 912 732 celebrare
939 659 1151 750 cogebantur
1169 664 1194 742 ¹,
1223 660 1355 730 nubam

345 766 446 835 aliam
461 767 576 838 inesse
590 769 791 860 religionem
807 789 912 860 quam
929 782 1008 840 tuas
1024 767 1180 836 omnium
1204 767 1356 838 celeber-

346 874 423 944 rimi
448 875 685 946 carminibus?
705 876 802 956 Quod
826 875 913 946 adeo
935 877 1049 946 visum
1068 882 1121 945 est
1145 874 1356 966 stupendum

346 981 566 1074 quibusdam,
596 990 635 1052 ut
662 991 740 1075 post
761 995 839 1077 temp
860 999 996 1080 ara-staec
1016 1003 1088 1054 non
1111 995 1167 1075 ᾅδω
1195 981 1357 1052 subaudi·

344 1095 431 1172 rent,
449 1089 511 1159 sed
525 1100 656 1183 διασύρει,
670 1105 791 1182 χλευάζοι
801 1099 861 1162 aut
872 1093 938 1162 alia
952 1092 1089 1174 similia;
1100 1090 1241 1182 quidam
1252 1090 1355 1160 etiam

344 1205 655 1268 commemorarent
676 1200 855 1290 Diagoram
884 1200 939 1290 pia
971 1199 1120 1292 primum
1145 1203 1261 1268 mente
1287 1197 1356 1265 ins-

346 1303 502 1387 tinctum,
516 1306 682 1396 primitias
693 1307 820 1398 ingenii
835 1308 887 1377 sui
904 1307 970 1378 diis
994 1305 1208 1378 celebrandis
1224 1303 1357 1374 dicasse

344 1417 379 1480 ct
390 1419 649 1500 posteatantum
665 1427 740 1486 aerae
755 1435 883 1486 nomen
899 1415 1078 1496 meruisse,
1087 1415 1133 1483 ita
1141 1420 1179 1482 ut
1188 1423 1250 1489 aaa
1265 1415 1357 1482 esset

344 1515 379 1585 in
396 1538 499 1589 versu
513 1521 571 1590 illo
594 1521 840 1613 supplendum.
862 1523 991 1603 Quibus
1015 1529 1131 1592 tamen
1151 1521 1355 1610 interpreta-

344 1625 508 1708 tionibus,
527 1629 562 1697 ni
574 1628 684 1710 fallor,
707 1629 820 1699 obstat
843 1631 948 1700 totius
968 1628 1093 1720 dialogi
1115 1633 1226 1708 tenor,
1244 1625 1357 1696 lucida

345 1752 405 1823 per
420 1754 459 1802 se
484 1735 655 1805 sententia
679 1744 714 1806 et
737 1757 896 1829 procaces
920 1736 1101 1806 amborum
1128 1754 1285 1825 persona
1298 1734 1358 1822 qui

345 1841 639 1912 sanctissimarum
679 1845 953 1915 cerimoniarum
983 1845 1185 1936 gravitatem
1219 1840 1358 1910 comicis

345 1955 466 2017 curant
480 1956 671 2042 temperare
689 1952 832 2034 facetiis,
844 1959 1086 2044 etquanquam
1106 1951 1142 2020 in
1156 1950 1244 2018 seria
1257 1969 1357 2039 pom·

345 2075 465 2145 parum
481 2058 684 2140 imbutione,
703 2059 746 2130 de
764 2066 876 2150 poetae
890 2059 1080 2130 admouent
1103 2057 1290 2149 proposito.
1307 2057 1358 2125 lta

344 2165 455 2254 potuit
475 2185 519 2235 ne
535 2166 737 2236 castissimis
753 2167 893 2257 quidem
913 2167 1068 2241 fontibus
1086 2167 1260 2236 abstinere
1279 2184 1357 2232 nos·

345 2271 613 2354 tandummodo
628 2275 711 2344 artis
723 2275 888 2345 miraculo
904 2261 1072 2346 emineret
1084 2274 1188 2344 decor
1200 2278 1235 2341 et
1246 2273 1356 2341 numi·

346 2401 430 2449 num
468 2381 625 2451 omnium
659 2383 781 2452 Gratia
815 2385 988 2474 Musaeque
1019 2381 1228 2473 praecipuum
1254 2400 1356 2449 suum

346 2487 514 2558 bonorem
529 2489 736 2562 obtinerent.

389 2597 431 2666 lli
463 2603 578 2666 tomen
597 2597 640 2667 de
668 2598 786 2668 inferis
808 2600 890 2688 joci,
918 2600 946 2667 si
969 2604 1059 2668 recte
1082 2596 1355 2691 perpenduntur,

346 2705 428 2773 satis
441 2704 547 2774 fidem
562 2705 692 2773 iaciunt
707 2705 798 2795 apud
823 2707 950 2776 multos
956 2707 1029 2797 jam
1043 2706 1189 2776 Athenis
1203 2703 1287 2774 tunc
1302 2704 1357 2772 in·

345 2811 494 2881 valuisse
505 2812 714 2902 opinionem,
728 2833 832 2901 quam
846 2813 953 2883 semel
967 2820 1069 2902 atque
1082 2813 1206 2882 iterum
1224 2811 1260 2880 in
1274 2811 1358 2879 Tus·

345 2919 476 2988 culanis
490 2921 736 3008 questionibus
753 2922 930 3012 vulgarem
953 2922 1061 2992 luisse
1074 2921 1163 3012 apud
1185 2923 1358 2991 Romanos

346 3028 459 3096 Cicero
484 3033 659 3097 testatur·2
683 3054 690 3096 :
712 3030 824 3107 «Quae
848 3037 901 3098 est
923 3049 1011 3099 anus
1043 3035 1114 3098 tarn
1145 3029 1263 3109 delira,
1281 3049 1359 3117 quaa

346 3135 464 3205 timeat
477 3135 542 3204 ista
557 3158 633 3225 quae
648 3157 711 3206 vos
726 3136 896 3217 videlicet,
923 3143 953 3205 si
972 3143 1115 3224 physico
1133 3159 1204 3205 raon
1217 3141 1365 3206 didicis--

344 3247 434 3323 setis,
452 3243 617 3312 timeretis
636 3269 643 3311 ε

504 3397 658 3476 Acherusia
678 3395 796 3492 templa,
809 3423 866 3478 alta
877 3423 951 3492 Orci,
966 3425 1071 3497 pallida

504 3508 574 3578 Leti,
588 3508 733 3578 obnubilo,
749 3511 840 3568 obsita
852 3513 977 3572 tenebris
987 3513 1084 3572 locale

389 3707 429 3774 Et
441 3706 524 3774 alias
539 3731 546 3775 :
564 3734 583 3770 α
604 3707 674 3787 llic,
693 3729 824 3797 quaeso,
843 3730 927 3808 num
941 3716 974 3779 te
994 3710 1052 3779 illa
1069 3716 1209 3794 terrent,
1228 3711 1354 3800 triceps

345 3811 436 3904 apud
455 3812 584 3884 inferos
610 3814 787 3896 Cerberus
823 3816 937 3904 Cocyti
954 3817 1123 3904 fremitus
1150 3817 1357 3888 transvectio

346 3920 558 4005 Acherontis
587 3927 706 3990 mento
739 3943 1061 4013 summamaquam
1088 3925 1261 4016 attingens
1292 3923 1355 3994 sibi

375 4138 385 4214 ¹.
403 4141 438 4189 Gi.
455 4142 499 4189 Tu.
513 4143 590 4198 noca,
606 4141 689 4190 adnot.
704 4143 731 4190 iu
744 4146 816 4200 Rau..
832 4145 863 4192 ad
879 4157 903 4192 v.
918 4145 963 4192 ate
979 4148 1076 4204 etseq..

375 4220 387 4257 ⁸
406 4219 500 4272 Metel.
514 4224 612 4280 Quart,
626 4224 645 4282 l,
659 4226 672 4272 5
687 4228 711 4272 et
724 4227 762 4273 21.
880 4236 882 4241 ·
