3156 5082
671 525 773 588 „mi
798 554 829 574 ,

241 651 414 742 planetam
434 648 700 740 theogoniamet
723 650 766 719 de
794 649 988 720 animorum
1011 657 1254 744 autumatque

241 759 496 828 immortalitate
529 757 731 826 doctrinam.
754 758 986 847 Theogoniam
1017 759 1111 828 enim
1139 777 1164 830 a
1191 775 1254 832 ὑπο-

241 881 326 942 νοίαις
347 863 616 954 interpretando,
634 865 676 933 ab
687 865 1064 954 anthropomorphismi
1080 869 1253 943 erroribus

242 975 369 1063 priscas
381 973 424 1042 de
435 971 579 1040 deorum
590 973 733 1062 origine,
750 971 882 1041 vicibus
892 977 993 1061 atquc
1003 973 1141 1042 interitu
1157 975 1251 1060 sahu-

240 1082 385 1151 lationes
398 1078 778 1170 vindicabantorphioi;
795 1084 828 1149 et
839 1079 1160 1151 animumdivinum
1176 1103 1252 1150 asse

240 1193 341 1276 atque
371 1187 601 1256 immortalem
621 1185 903 1270 demonstrando,
923 1187 1077 1256 maribus
1105 1190 1250 1258 stabilis·

239 1295 367 1362 simum
382 1292 648 1365 fundamentum
667 1294 942 1384 suppeditabant.
965 1295 1095 1388 Quippe
1114 1298 1171 1386 qui
1189 1319 1262 1386 spe⁴

238 1400 399 1470 beatioris
417 1401 511 1491 apud
526 1401 655 1478 inferos
672 1403 750 1470 vitae
764 1409 798 1471 et
814 1422 993 1492 poenarum
1019 1410 1114 1474 metu
1146 1426 1247 1474 cons-

237 1508 396 1578 cientiam
421 1509 594 1599 placarent
627 1510 763 1598 generis
787 1509 930 1578 humani
956 1517 991 1580 et
1016 1510 1060 1579 ad
1083 1513 1248 1582 uirtutem

237 1614 416 1684 colendam
436 1617 710 1696 cohortarentur.
806 1641 808 1650 ’

281 1723 374 1791 Nihil
380 1723 579 1812 jucundius,
603 1724 689 1792 nihil
706 1724 853 1804 dulcius,
873 1726 957 1793 nihil
985 1726 1122 1796 dicendi
1137 1749 1245 1798 uena-

237 1833 332 1900 rihus
353 1833 550 1902 cromatius
589 1832 773 1921 excogitari
807 1837 919 1920 potest
948 1853 1053 1922 quam
1073 1833 1169 1903 loc'us
1189 1836 1246 1905 iile

234 1945 357 2006 Anium
378 1944 478 2028 ¹,quo
494 1940 727 2018 PisthetaeruS‚
741 1940 916 2008 concionis
932 1940 1030 2008 alatae
1045 1941 1244 2012 ntiavorem

235 2052 359 2135 captet,
385 2045 537 2114 divinam
557 2045 692 2113 iliarum
713 2052 746 2114 et
773 2045 948 2134 antiquom
970 2046 1138 2138 originem
1163 2071 1247 2139 prae·

236 2152 337 2232 dicat,
355 2159 510 2221 naturam
538 2152 604 2220 diis
629 2153 807 2221 meliorem
827 2159 861 2221 et
880 2153 1001 2222 mundi
1020 2156 1245 2244 regiminedi·

235 2261 436 2350 gaissimam
453 2259 545 2340 dicit,
564 2281 631 2349 quo
648 2261 774 2328 chorus
787 2259 913 2329 deinde
938 2261 1002 2330 hec
1018 2268 1112 2346 tantp
1125 2263 1244 2332 iacun-

235 2367 492 2447 diainstinctm,
510 2368 688 2457 orphicam
701 2369 747 2434 ita
761 2378 923 2457 παρῳδιῖται
940 2367 1160 2458 theogeniam
1173 2375 1244 2439 uta

234 2475 445 2565 gravissimis
467 2475 648 2544 sententiis
663 2493 798 2542 carmen
813 2475 999 2564 inceptum,
1022 2476 1245 2565 magisatque

236 2585 343 2672 magis
358 2583 616 2654 lascivientibus
641 2581 820 2650 comoediae
839 2583 926 2672 jocis
950 2590 1100 2674 peragat.
1122 2585 1161 2652 In
1176 2606 1244 2673 quo

234 2710 345 2780 neque
379 2712 484 2760 ovum
507 2693 786 2782 primogenitum,
806 2711 917 2781 neque
932 2693 1060 2762 alatum
1091 2713 1243 2763 amorem

233 2819 332 2887 aquo
349 2799 504 2880 deornm,
519 2800 699 2868 hominum
715 2805 749 2868 et
763 2799 991 2866 animantium
1004 2801 1159 2870 omnium
1170 2822 1244 2890 pro·

225 2906 413 2995 pullulavit
432 2927 553 2996 genus,
580 2913 679 2996 poeta
706 2907 821 2974 omisit
840 2913 874 2974 et
893 2906 978 2974 miro
999 2906 1103 2976 modo
1118 2907 1243 2977 fabulae

234 3034 304 3082 suae
320 3016 493 3103 proposito
510 3021 543 3082 et
561 3014 779 3103 loquentium
790 3013 1130 3102 adaptavitpersonis
1148 3020 1173 3084 ².

276 3120 362 3198 Ouid
378 3122 507 3212 orphici
523 3121 766 3190 daanimarum
781 3125 869 3200 ortu,
886 3126 1020 3200 natura,
1043 3123 1243 3190 mutationi-

233 3226 296 3294 bus
312 3235 413 3317 atque
428 3229 497 3297 fato
512 3228 726 3308 tradiderint,
746 3229 876 3295 nuliam
903 3227 959 3294 hic
976 3229 1118 3316 requirit
1133 3228 1242 3318 expli-

232 3336 400 3406 cationem
416 3343 450 3405 et
469 3338 504 3404 in
520 3335 585 3405 alio
611 3336 698 3405 libro
716 3357 735 3404 a
766 3335 867 3403 nobis
896 3336 1098 3404 summatim
1118 3343 1241 3404 tracta·

233 3448 306 3509 tum
321 3449 373 3511 cst
391 3449 416 3512 ³.
435 3445 542 3512 Pauca
559 3450 691 3511 tantum
707 3443 749 3510 ad
775 3465 859 3512 rem.
883 3444 1067 3532 Postquam
1088 3444 1243 3513 exsoluta

261 3721 268 3753 ¹
288 3725 341 3774 Ao..
359 3722 402 3770 iae
418 3727 442 3770 at
457 3735 508 3782 sec.

260 3801 271 3835 ἲ
289 3802 363 3858 laid,
378 3805 431 3851 676.
450 3804 486 3853 Gi.
500 3817 605 3852 ramus:
624 3801 681 3865 Ἀγε
692 3803 721 3860 δὴ
735 3803 815 3866 φύσιν,
830 3820 854 3852 κ.
869 3821 892 3850 τ.
908 3806 941 3862 λ.,
956 3808 1241 3863 cammerinorum,

230 3886 269 3938 85,
285 3895 382 3930 necnon
397 3899 454 3932 cum
471 3886 630 3946 orphicorum
648 3885 786 3944 fragmento
800 3897 830 3931 ex
845 3885 947 3932 Manum
963 3887 1012 3944 (iv,
1028 3887 1239 3943 altercantium,

230 3966 268 4020 58,
279 3964 310 4011 ab
321 3963 632 4027 Loaacu1o(Aploopitom.,
644 3968 697 4017 580]
708 3969 779 4011 eruto
789 3981 795 4010 :
807 3965 885 4027 θῆρές
898 3964 918 4012 τ’
927 3965 1011 4013 οἰωνοί
1022 3981 1058 4022 τε,
1067 3969 1113 4013 ata.
1125 3965 1241 4030 Παρῳδία

228 4044 360 4092 manifesta
375 4049 419 4093 ost.
436 4047 467 4093 Cf
488 4048 532 4093 Tu.
548 4048 624 4105 Koara,
645 4046 753 4092 adnotat.
767 4045 799 4092 ad
814 4046 881 4102 Area,
895 4047 940 4092 685
953 4049 977 4091 et
992 4058 1043 4104 seq.
1058 4047 1133 4100 Quem
1150 4051 1240 4107 tamen,

227 4126 291 4172 sicui
305 4129 406 4184 cetoros,
423 4140 509 4174 versus
523 4127 562 4175 iili
577 4127 679 4188 Orphici
691 4131 715 4174 at
732 4126 878 4186 Pythagorei
892 4126 1017 4186 fugeruut.

258 4203 270 4238 ³
288 4207 365 4256 Etudc
375 4219 420 4255 rur
433 4207 465 4256 les
479 4203 585 4265 denum,
597 4209 637 4256 ch.
654 4209 693 4268 iv,
708 4220 732 4268 p.
752 4205 809 4262 14⁴3
826 4207 865 4258 vl.
881 4193 926 4254 '224
941 4209 1026 4267 etseq.
