<?xml version="1.0" encoding="UTF-8"?>
<!DOCTYPE html PUBLIC "-//W3C//DTD XHTML 1.0 Transitional//EN"
    "http://www.w3.org/TR/xhtml1/DTD/xhtml1-transitional.dtd">
<html xmlns="http://www.w3.org/1999/xhtml" xml:lang="en" lang="en">
 <head>
  <title>
</title>
<meta http-equiv="Content-Type" content="text/html;charset=utf-8" />
  <meta name='ocr-system' content='tesseract 3.04.00' />
  <meta name='ocr-capabilities' content='ocr_page ocr_carea ocr_par ocr_line ocrx_word'/>
</head>
<body>
  <div class='ocr_page' id='page_1' title='image "./aristophanesimp00hildgoog_0094.png"; bbox 0 0 3156 5082; ppageno 0'>
   <div class='ocr_carea' id='block_1_1' title="bbox 653 505 795 560">
    <p class='ocr_par' dir='ltr' id='par_1_1' title="bbox 653 505 795 560">
     <span class='ocr_line' id='line_1_1' title="bbox 653 505 795 560; baseline -0.007 -14"><span class='ocrx_word' id='word_1_1' title='bbox 653 505 795 560; x_wconf 71' lang='grc'>..79-</span> 
     </span>
    </p>
   </div>
   <div class='ocr_carea' id='block_1_2' title="bbox 213 627 1232 2762">
    <p class='ocr_par' dir='ltr' id='par_1_2' title="bbox 213 627 1232 2762">
     <span class='ocr_line' id='line_1_2' title="bbox 213 627 1231 722; baseline -0.004 -20"><span class='ocrx_word' id='word_1_2' title='bbox 213 633 293 716; x_wconf 76' lang='lat' dir='ltr'>buc,</span> <span class='ocrx_word' id='word_1_3' title='bbox 310 633 569 722; x_wconf 23' lang='lat' dir='ltr'>&#39;stomachosus‘</span> <span class='ocrx_word' id='word_1_4' title='bbox 586 631 675 700; x_wconf 91' lang='lat' dir='ltr'>male</span> <span class='ocrx_word' id='word_1_5' title='bbox 707 635 902 710; x_wconf 88' lang='lat' dir='ltr'>contentus,</span> <span class='ocrx_word' id='word_1_6' title='bbox 923 630 965 698; x_wconf 90' lang='lat' dir='ltr'>de</span> <span class='ocrx_word' id='word_1_7' title='bbox 992 631 1123 722; x_wconf 87' lang='lat' dir='ltr'>justitia</span> <span class='ocrx_word' id='word_1_8' title='bbox 1148 627 1231 698; x_wconf 87' lang='lat' dir='ltr'>deo-</span> 
     </span>
     <span class='ocr_line' id='line_1_3' title="bbox 213 737 1232 826; baseline -0.005 -17"><span class='ocrx_word' id='word_1_9' title='bbox 213 763 294 809; x_wconf 90' lang='lat' dir='ltr'>rum</span> <span class='ocrx_word' id='word_1_10' title='bbox 316 761 384 809; x_wconf 92' lang='lat' dir='ltr'>non</span> <span class='ocrx_word' id='word_1_11' title='bbox 405 739 509 808; x_wconf 91' lang='lat' dir='ltr'>modo</span> <span class='ocrx_word' id='word_1_12' title='bbox 530 738 704 816; x_wconf 72' lang='lat' dir='ltr'>dubitans</span> <span class='ocrx_word' id='word_1_13' title='bbox 734 738 794 806; x_wconf 90' lang='lat' dir='ltr'>sed</span> <span class='ocrx_word' id='word_1_14' title='bbox 820 760 898 806; x_wconf 91' lang='lat' dir='ltr'>curn</span> <span class='ocrx_word' id='word_1_15' title='bbox 924 737 989 804; x_wconf 87' lang='lat' dir='ltr'>diis</span> <span class='ocrx_word' id='word_1_16' title='bbox 1010 739 1064 806; x_wconf 89' lang='lat' dir='ltr'>vcl</span> <span class='ocrx_word' id='word_1_17' title='bbox 1094 737 1232 826; x_wconf 88' lang='lat' dir='ltr'>litigans</span> 
     </span>
     <span class='ocr_line' id='line_1_4' title="bbox 215 843 1230 936; baseline -0.005 -20"><span class='ocrx_word' id='word_1_18' title='bbox 215 869 343 936; x_wconf 85' lang='lat' dir='ltr'>cosque</span> <span class='ocrx_word' id='word_1_19' title='bbox 382 851 567 936; x_wconf 89' lang='lat' dir='ltr'>negans¹‚</span> <span class='ocrx_word' id='word_1_20' title='bbox 607 846 866 914; x_wconf 75' lang='lat' dir='ltr'>irreverentiam</span> <span class='ocrx_word' id='word_1_21' title='bbox 897 844 1038 933; x_wconf 78' lang='lat' dir='ltr'>Trygmi,</span> <span class='ocrx_word' id='word_1_22' title='bbox 1072 843 1115 910; x_wconf 91' lang='lat' dir='ltr'>de</span> <span class='ocrx_word' id='word_1_23' title='bbox 1139 845 1230 911; x_wconf 86' lang='lat' dir='ltr'>Grae-</span> 
     </span>
     <span class='ocr_line' id='line_1_5' title="bbox 215 951 1228 1042; baseline -0.007 -20"><span class='ocrx_word' id='word_1_24' title='bbox 215 956 277 1024; x_wconf 83' lang='lat' dir='ltr'>ciae</span> <span class='ocrx_word' id='word_1_25' title='bbox 310 961 400 1023; x_wconf 89' lang='lat' dir='ltr'>statu</span> <span class='ocrx_word' id='word_1_26' title='bbox 425 955 601 1042; x_wconf 77' lang='lat' dir='ltr'>querentis</span> <span class='ocrx_word' id='word_1_27' title='bbox 640 951 729 1042; x_wconf 88' lang='lat' dir='ltr'>apud</span> <span class='ocrx_word' id='word_1_28' title='bbox 762 952 984 1031; x_wconf 83' lang='lat' dir='ltr'>Mercurium,</span> <span class='ocrx_word' id='word_1_29' title='bbox 1017 952 1189 1040; x_wconf 75' lang='lat' dir='ltr'>suggessit</span> <span class='ocrx_word' id='word_1_30' title='bbox 1222 975 1228 1015; x_wconf 94' lang='lat'>:</span> 
     </span>
     <span class='ocr_line' id='line_1_6' title="bbox 216 1057 1228 1150; baseline -0.007 -20"><span class='ocrx_word' id='word_1_31' title='bbox 216 1065 264 1131; x_wconf 91' lang='lat' dir='ltr'>ita</span> <span class='ocrx_word' id='word_1_32' title='bbox 286 1069 322 1130; x_wconf 91' lang='lat' dir='ltr'>ut</span> <span class='ocrx_word' id='word_1_33' title='bbox 341 1062 584 1141; x_wconf 80' lang='lat' dir='ltr'>Athenienses,</span> <span class='ocrx_word' id='word_1_34' title='bbox 613 1061 705 1128; x_wconf 92' lang='lat' dir='ltr'>illius</span> <span class='ocrx_word' id='word_1_35' title='bbox 741 1059 916 1150; x_wconf 84' lang='lat' dir='ltr'>tragoediae</span> <span class='ocrx_word' id='word_1_36' title='bbox 933 1057 1099 1128; x_wconf 75' lang='lat' dir='ltr'>memorie</span> <span class='ocrx_word' id='word_1_37' title='bbox 1123 1058 1228 1148; x_wconf 91' lang='lat' dir='ltr'>pleni,</span> 
     </span>
     <span class='ocr_line' id='line_1_7' title="bbox 216 1167 1232 1258; baseline -0.005 -21"><span class='ocrx_word' id='word_1_38' title='bbox 216 1170 454 1258; x_wconf 75' lang='lat' dir='ltr'>Aristophanis</span> <span class='ocrx_word' id='word_1_39' title='bbox 494 1169 710 1257; x_wconf 90' lang='lat' dir='ltr'>propositum</span> <span class='ocrx_word' id='word_1_40' title='bbox 739 1167 832 1236; x_wconf 88' lang='lat' dir='ltr'>haud</span> <span class='ocrx_word' id='word_1_41' title='bbox 878 1188 968 1257; x_wconf 73' lang='lat' dir='ltr'>aegre</span> <span class='ocrx_word' id='word_1_42' title='bbox 998 1167 1232 1256; x_wconf 82' lang='lat' dir='ltr'>intelligerent</span> 
     </span>
     <span class='ocr_line' id='line_1_8' title="bbox 216 1274 1230 1362; baseline -0.003 -20"><span class='ocrx_word' id='word_1_43' title='bbox 216 1297 281 1344; x_wconf 90' lang='lat' dir='ltr'>nec</span> <span class='ocrx_word' id='word_1_44' title='bbox 317 1275 462 1344; x_wconf 90' lang='lat' dir='ltr'>deorum</span> <span class='ocrx_word' id='word_1_45' title='bbox 499 1277 647 1344; x_wconf 86' lang='lat' dir='ltr'>irrisioni</span> <span class='ocrx_word' id='word_1_46' title='bbox 687 1275 923 1344; x_wconf 82' lang='lat' dir='ltr'>adscriberent</span> <span class='ocrx_word' id='word_1_47' title='bbox 962 1275 1038 1362; x_wconf 66' lang='lat' dir='ltr'>quae</span> <span class='ocrx_word' id='word_1_48' title='bbox 1076 1274 1230 1362; x_wconf 88' lang='lat' dir='ltr'>gratissi-</span> 
     </span>
     <span class='ocr_line' id='line_1_9' title="bbox 217 1382 1232 1471; baseline -0.005 -21"><span class='ocrx_word' id='word_1_49' title='bbox 217 1404 312 1450; x_wconf 86' lang='lat' dir='ltr'>rnum</span> <span class='ocrx_word' id='word_1_50' title='bbox 329 1384 362 1450; x_wconf 94' lang='lat' dir='ltr'>in</span> <span class='ocrx_word' id='word_1_51' title='bbox 380 1382 522 1451; x_wconf 89' lang='lat' dir='ltr'>modurn</span> <span class='ocrx_word' id='word_1_52' title='bbox 543 1382 586 1450; x_wconf 86' lang='lat' dir='ltr'>od</span> <span class='ocrx_word' id='word_1_53' title='bbox 603 1382 774 1471; x_wconf 84' lang='lat' dir='ltr'>Euripidis</span> <span class='ocrx_word' id='word_1_54' title='bbox 800 1384 1017 1450; x_wconf 77' lang='lat' dir='ltr'>renationem</span> <span class='ocrx_word' id='word_1_55' title='bbox 1044 1382 1232 1470; x_wconf 85' lang='lat' dir='ltr'>composita</span> 
     </span>
     <span class='ocr_line' id='line_1_10' title="bbox 216 1486 1230 1578; baseline 0.002 -23"><span class='ocrx_word' id='word_1_56' title='bbox 216 1491 360 1557; x_wconf 82' lang='lat' dir='ltr'>luerunt.</span> <span class='ocrx_word' id='word_1_57' title='bbox 395 1492 534 1558; x_wconf 78' lang='lat' dir='ltr'>Necnon</span> <span class='ocrx_word' id='word_1_58' title='bbox 560 1492 594 1556; x_wconf 95' lang='lat' dir='ltr'>in</span> <span class='ocrx_word' id='word_1_59' title='bbox 626 1495 727 1558; x_wconf 79' lang='lat' dir='ltr'>danis</span> <span class='ocrx_word' id='word_1_60' title='bbox 752 1486 1066 1574; x_wconf 59' lang='lat' dir='ltr'>Gerptaattas&#39;qari</span> <span class='ocrx_word' id='word_1_61' title='bbox 1092 1499 1230 1578; x_wconf 75' lang='grc' dir='ltr'>παρῳδίαν</span> 
     </span>
     <span class='ocr_line' id='line_1_11' title="bbox 217 1585 1230 1686; baseline 0.001 -23"><span class='ocrx_word' id='word_1_62' title='bbox 217 1600 424 1686; x_wconf 84' lang='lat' dir='ltr'>praecipuum</span> <span class='ocrx_word' id='word_1_63' title='bbox 437 1599 589 1665; x_wconf 86' lang='lat' dir='ltr'>tenuisse</span> <span class='ocrx_word' id='word_1_64' title='bbox 600 1585 725 1676; x_wconf 80' lang='lat' dir='ltr'>locuni,</span> <span class='ocrx_word' id='word_1_65' title='bbox 735 1597 922 1666; x_wconf 83' lang='lat' dir='ltr'>conoedcrc</span> <span class='ocrx_word' id='word_1_66' title='bbox 933 1619 1069 1686; x_wconf 66' lang='lat' dir='ltr'>aequum</span> <span class='ocrx_word' id='word_1_67' title='bbox 1083 1599 1157 1676; x_wconf 89' lang='lat' dir='ltr'>crit,</span> <span class='ocrx_word' id='word_1_68' title='bbox 1172 1618 1230 1664; x_wconf 87' lang='lat' dir='ltr'>eos</span> 
     </span>
     <span class='ocr_line' id='line_1_12' title="bbox 214 1705 1229 1794; baseline -0.002 -22"><span class='ocrx_word' id='word_1_69' title='bbox 214 1713 409 1794; x_wconf 76' lang='lat' dir='ltr'>carpentem</span> <span class='ocrx_word' id='word_1_70' title='bbox 427 1727 495 1773; x_wconf 91' lang='lat' dir='ltr'>non</span> <span class='ocrx_word' id='word_1_71' title='bbox 512 1713 629 1794; x_wconf 87' lang='lat' dir='ltr'>poetas</span> <span class='ocrx_word' id='word_1_72' title='bbox 649 1706 762 1773; x_wconf 90' lang='lat' dir='ltr'>solum</span> <span class='ocrx_word' id='word_1_73' title='bbox 778 1705 838 1773; x_wconf 91' lang='lat' dir='ltr'>sod</span> <span class='ocrx_word' id='word_1_74' title='bbox 853 1707 998 1794; x_wconf 87' lang='lat' dir='ltr'>pictores</span> <span class='ocrx_word' id='word_1_75' title='bbox 1024 1712 1125 1793; x_wconf 87' lang='lat' dir='ltr'>atque</span> <span class='ocrx_word' id='word_1_76' title='bbox 1157 1705 1229 1793; x_wconf 87' lang='lat' dir='ltr'>phi-</span> 
     </span>
     <span class='ocr_line' id='line_1_13' title="bbox 215 1812 1230 1902; baseline -0.001 -24"><span class='ocrx_word' id='word_1_77' title='bbox 215 1813 380 1902; x_wconf 86' lang='lat' dir='ltr'>losophos</span> <span class='ocrx_word' id='word_1_78' title='bbox 397 1813 505 1900; x_wconf 85' lang='lat' dir='ltr'>quiin</span> <span class='ocrx_word' id='word_1_79' title='bbox 527 1813 673 1881; x_wconf 85' lang='lat' dir='ltr'>terrifica</span> <span class='ocrx_word' id='word_1_80' title='bbox 697 1813 885 1880; x_wconf 84' lang='lat' dir='ltr'>inferorum</span> <span class='ocrx_word' id='word_1_81' title='bbox 908 1833 1014 1900; x_wconf 85' lang='lat' dir='ltr'>eaque</span> <span class='ocrx_word' id='word_1_82' title='bbox 1038 1813 1130 1878; x_wconf 90' lang='lat' dir='ltr'>inani</span> <span class='ocrx_word' id='word_1_83' title='bbox 1156 1812 1230 1878; x_wconf 88' lang='lat' dir='ltr'>dos-</span> 
     </span>
     <span class='ocr_line' id='line_1_14' title="bbox 215 1919 1228 2009; baseline -0.001 -23"><span class='ocrx_word' id='word_1_84' title='bbox 215 1920 380 2008; x_wconf 88' lang='lat' dir='ltr'>criplione</span> <span class='ocrx_word' id='word_1_85' title='bbox 397 1923 524 1988; x_wconf 78' lang='lat' dir='ltr'>uersari</span> <span class='ocrx_word' id='word_1_86' title='bbox 543 1921 711 2000; x_wconf 84' lang='lat' dir='ltr'>solebant,</span> <span class='ocrx_word' id='word_1_87' title='bbox 733 1927 765 1988; x_wconf 89' lang='lat' dir='ltr'>ct</span> <span class='ocrx_word' id='word_1_88' title='bbox 781 1941 891 2009; x_wconf 78' lang='lat' dir='ltr'>usquc</span> <span class='ocrx_word' id='word_1_89' title='bbox 907 1919 949 1986; x_wconf 84' lang='lat' dir='ltr'>ad</span> <span class='ocrx_word' id='word_1_90' title='bbox 963 1919 1150 2002; x_wconf 88' lang='lat' dir='ltr'>fastidium,</span> <span class='ocrx_word' id='word_1_91' title='bbox 1176 1921 1228 1986; x_wconf 90' lang='lat' dir='ltr'>in-</span> 
     </span>
     <span class='ocr_line' id='line_1_15' title="bbox 214 2027 1229 2116; baseline 0.002 -24"><span class='ocrx_word' id='word_1_92' title='bbox 214 2027 306 2114; x_wconf 91' lang='lat' dir='ltr'>gcuii</span> <span class='ocrx_word' id='word_1_93' title='bbox 323 2028 374 2095; x_wconf 89' lang='lat' dir='ltr'>sui</span> <span class='ocrx_word' id='word_1_94' title='bbox 393 2028 539 2096; x_wconf 90' lang='lat' dir='ltr'>testandi</span> <span class='ocrx_word' id='word_1_95' title='bbox 555 2048 657 2096; x_wconf 86' lang='lat' dir='ltr'>causa</span> <span class='ocrx_word' id='word_1_96' title='bbox 673 2029 904 2116; x_wconf 79' lang='lat' dir='ltr'>potiusquam</span> <span class='ocrx_word' id='word_1_97' title='bbox 926 2028 1057 2095; x_wconf 90' lang='lat' dir='ltr'>sincera</span> <span class='ocrx_word' id='word_1_98' title='bbox 1072 2027 1141 2095; x_wconf 85' lang='lat' dir='ltr'>fido</span> <span class='ocrx_word' id='word_1_99' title='bbox 1158 2029 1229 2094; x_wconf 90' lang='lat' dir='ltr'>ins-</span> 
     </span>
     <span class='ocr_line' id='line_1_16' title="bbox 218 2134 1230 2224; baseline 0.002 -24"><span class='ocrx_word' id='word_1_100' title='bbox 218 2136 324 2213; x_wconf 84' lang='lat' dir='ltr'>tincti,</span> <span class='ocrx_word' id='word_1_101' title='bbox 338 2134 523 2224; x_wconf 86' lang='lat' dir='ltr'>irnagincrn</span> <span class='ocrx_word' id='word_1_102' title='bbox 535 2137 626 2203; x_wconf 86' lang='lat' dir='ltr'>illam</span> <span class='ocrx_word' id='word_1_103' title='bbox 640 2137 903 2204; x_wconf 81' lang='lat' dir='ltr'>Atheniensium</span> <span class='ocrx_word' id='word_1_104' title='bbox 921 2136 1142 2224; x_wconf 81' lang='lat' dir='ltr'>subjecerunt</span> <span class='ocrx_word' id='word_1_105' title='bbox 1154 2156 1230 2202; x_wconf 87' lang='lat' dir='ltr'>ocu-</span> 
     </span>
     <span class='ocr_line' id='line_1_17' title="bbox 215 2243 1229 2332; baseline 0.002 -25"><span class='ocrx_word' id='word_1_106' title='bbox 215 2243 270 2309; x_wconf 88' lang='lat' dir='ltr'>lis.</span> <span class='ocrx_word' id='word_1_107' title='bbox 289 2247 367 2319; x_wconf 80' lang='lat' dir='ltr'>llum</span> <span class='ocrx_word' id='word_1_108' title='bbox 386 2254 509 2332; x_wconf 74' lang='grc' dir='ltr'>παρῳδία</span> <span class='ocrx_word' id='word_1_109' title='bbox 525 2264 593 2312; x_wconf 92' lang='lat' dir='ltr'>non</span> <span class='ocrx_word' id='word_1_110' title='bbox 612 2243 725 2322; x_wconf 90' lang='lat' dir='ltr'>solum</span> <span class='ocrx_word' id='word_1_111' title='bbox 757 2245 790 2310; x_wconf 94' lang='lat' dir='ltr'>in</span> <span class='ocrx_word' id='word_1_112' title='bbox 821 2251 890 2311; x_wconf 91' lang='lat' dir='ltr'>toto</span> <span class='ocrx_word' id='word_1_113' title='bbox 918 2243 1043 2310; x_wconf 78' lang='lat' dir='ltr'>fabulae</span> <span class='ocrx_word' id='word_1_114' title='bbox 1065 2250 1182 2310; x_wconf 86' lang='lat' dir='ltr'>tenore</span> <span class='ocrx_word' id='word_1_115' title='bbox 1196 2252 1229 2309; x_wconf 91' lang='lat' dir='ltr'>et</span> 
     </span>
     <span class='ocr_line' id='line_1_18' title="bbox 214 2349 1229 2440; baseline -0.001 -24"><span class='ocrx_word' id='word_1_116' title='bbox 214 2352 409 2438; x_wconf 86' lang='lat' dir='ltr'>argumenti</span> <span class='ocrx_word' id='word_1_117' title='bbox 439 2350 667 2440; x_wconf 85' lang='lat' dir='ltr'>dispositione</span> <span class='ocrx_word' id='word_1_118' title='bbox 697 2350 978 2438; x_wconf 88' lang='lat' dir='ltr'>deprehenditur,</span> <span class='ocrx_word' id='word_1_119' title='bbox 997 2350 1058 2418; x_wconf 90' lang='lat' dir='ltr'>scd</span> <span class='ocrx_word' id='word_1_120' title='bbox 1084 2349 1229 2440; x_wconf 89' lang='lat' dir='ltr'>singulis</span> 
     </span>
     <span class='ocr_line' id='line_1_19' title="bbox 214 2457 1228 2546; baseline -0.002 -20"><span class='ocrx_word' id='word_1_121' title='bbox 214 2458 317 2526; x_wconf 86' lang='lat' dir='ltr'>etiarn</span> <span class='ocrx_word' id='word_1_122' title='bbox 338 2458 419 2526; x_wconf 89' lang='lat' dir='ltr'>locis</span> <span class='ocrx_word' id='word_1_123' title='bbox 434 2466 536 2546; x_wconf 82' lang='lat' dir='ltr'>atque</span> <span class='ocrx_word' id='word_1_124' title='bbox 556 2459 713 2546; x_wconf 84' lang='lat' dir='ltr'>personis</span> <span class='ocrx_word' id='word_1_125' title='bbox 733 2459 855 2537; x_wconf 87' lang='lat' dir='ltr'>elucet,</span> <span class='ocrx_word' id='word_1_126' title='bbox 877 2478 988 2546; x_wconf 83' lang='lat' dir='ltr'>neque</span> <span class='ocrx_word' id='word_1_127' title='bbox 1012 2478 1031 2525; x_wconf 88' lang='lat' dir='ltr'>a</span> <span class='ocrx_word' id='word_1_128' title='bbox 1058 2457 1228 2526; x_wconf 88' lang='lat' dir='ltr'>recentio-</span> 
     </span>
     <span class='ocr_line' id='line_1_20' title="bbox 215 2565 1227 2654; baseline 0.001 -24"><span class='ocrx_word' id='word_1_129' title='bbox 215 2565 310 2632; x_wconf 84' lang='lat' dir='ltr'>ribus</span> <span class='ocrx_word' id='word_1_130' title='bbox 325 2586 461 2654; x_wconf 88' lang='lat' dir='ltr'>semper</span> <span class='ocrx_word' id='word_1_131' title='bbox 476 2565 620 2653; x_wconf 84' lang='lat' dir='ltr'>intelligi</span> <span class='ocrx_word' id='word_1_132' title='bbox 637 2565 843 2654; x_wconf 87' lang='lat' dir='ltr'>potcst,sed</span> <span class='ocrx_word' id='word_1_133' title='bbox 858 2566 1068 2633; x_wconf 91' lang='lat' dir='ltr'>Athenarum</span> <span class='ocrx_word' id='word_1_134' title='bbox 1095 2571 1227 2654; x_wconf 89' lang='lat' dir='ltr'>specta-</span> 
     </span>
     <span class='ocr_line' id='line_1_21' title="bbox 217 2672 1229 2762; baseline 0.001 -25"><span class='ocrx_word' id='word_1_135' title='bbox 217 2672 345 2740; x_wconf 88' lang='lat' dir='ltr'>toribus</span> <span class='ocrx_word' id='word_1_136' title='bbox 365 2680 503 2740; x_wconf 85' lang='lat' dir='ltr'>acutum</span> <span class='ocrx_word' id='word_1_137' title='bbox 538 2672 718 2740; x_wconf 85' lang='lat' dir='ltr'>exercendi</span> <span class='ocrx_word' id='word_1_138' title='bbox 745 2673 922 2762; x_wconf 85' lang='lat' dir='ltr'>ingenium</span> <span class='ocrx_word' id='word_1_139' title='bbox 948 2673 1160 2742; x_wconf 79' lang='lat' dir='ltr'>occasionem</span> <span class='ocrx_word' id='word_1_140' title='bbox 1196 2680 1229 2740; x_wconf 89' lang='lat' dir='ltr'>ot</span> 
     </span>
    </p>
   </div>
   <div class='ocr_carea' id='block_1_3' title="bbox 112 2779 1014 2870">
    <p class='ocr_par' dir='ltr' id='par_1_3' title="bbox 112 2779 1014 2870">
     <span class='ocr_line' id='line_1_22' title="bbox 112 2779 1014 2870; baseline 0 -24"><span class='ocrx_word' id='word_1_141' title='bbox 112 2791 121 2798; x_wconf 87' lang='lat'>&#39;</span> <span class='ocrx_word' id='word_1_142' title='bbox 216 2779 348 2846; x_wconf 89' lang='lat' dir='ltr'>ridendi</span> <span class='ocrx_word' id='word_1_143' title='bbox 368 2781 518 2870; x_wconf 87' lang='lat' dir='ltr'>amplam</span> <span class='ocrx_word' id='word_1_144' title='bbox 536 2781 711 2847; x_wconf 86' lang='lat' dir='ltr'>materiam</span> <span class='ocrx_word' id='word_1_145' title='bbox 731 2780 971 2868; x_wconf 88' lang='lat' dir='ltr'>suppeditabat</span> <span class='ocrx_word' id='word_1_146' title='bbox 989 2787 1014 2846; x_wconf 76' lang='lat'>3,</span> 
     </span>
    </p>
   </div>
   <div class='ocr_carea' id='block_1_4' title="bbox 215 2888 1229 3727">
    <p class='ocr_par' dir='ltr' id='par_1_4' title="bbox 215 2888 1229 3727">
     <span class='ocr_line' id='line_1_23' title="bbox 259 2888 1228 2978; baseline 0.003 -25"><span class='ocrx_word' id='word_1_147' title='bbox 259 2889 337 2957; x_wconf 86' lang='lat' dir='ltr'>lure</span> <span class='ocrx_word' id='word_1_148' title='bbox 354 2909 395 2956; x_wconf 84' lang='lat' dir='ltr'>ex</span> <span class='ocrx_word' id='word_1_149' title='bbox 414 2899 551 2977; x_wconf 72' lang='grc' dir='ltr'>παρῳδίας</span> <span class='ocrx_word' id='word_1_150' title='bbox 567 2888 738 2976; x_wconf 74' lang='lat' dir='ltr'>frequenti</span> <span class='ocrx_word' id='word_1_151' title='bbox 763 2909 826 2955; x_wconf 90' lang='lat' dir='ltr'>usu</span> <span class='ocrx_word' id='word_1_152' title='bbox 844 2889 1110 2977; x_wconf 75' lang='lat' dir='ltr'>Aristophanem</span> <span class='ocrx_word' id='word_1_153' title='bbox 1126 2909 1228 2978; x_wconf 89' lang='lat' dir='ltr'>posse</span> 
     </span>
     <span class='ocr_line' id='line_1_24' title="bbox 216 2994 1228 3084; baseline 0.001 -22"><span class='ocrx_word' id='word_1_154' title='bbox 216 3001 370 3084; x_wconf 87' lang='lat' dir='ltr'>repetere</span> <span class='ocrx_word' id='word_1_155' title='bbox 394 2997 630 3064; x_wconf 83' lang='lat' dir='ltr'>excusationes</span> <span class='ocrx_word' id='word_1_156' title='bbox 661 2994 703 3061; x_wconf 91' lang='lat' dir='ltr'>ad</span> <span class='ocrx_word' id='word_1_157' title='bbox 736 2995 922 3084; x_wconf 85' lang='lat' dir='ltr'>impictatis</span> <span class='ocrx_word' id='word_1_158' title='bbox 946 2997 1073 3062; x_wconf 89' lang='lat' dir='ltr'>crimen</span> <span class='ocrx_word' id='word_1_159' title='bbox 1093 2996 1228 3064; x_wconf 89' lang='lat' dir='ltr'>diluen-</span> 
     </span>
     <span class='ocr_line' id='line_1_25' title="bbox 215 3101 1229 3192; baseline 0.002 -24"><span class='ocrx_word' id='word_1_160' title='bbox 215 3101 311 3182; x_wconf 92' lang='lat' dir='ltr'>dum,</span> <span class='ocrx_word' id='word_1_161' title='bbox 330 3103 384 3172; x_wconf 84' lang='lat' dir='ltr'>rel</span> <span class='ocrx_word' id='word_1_162' title='bbox 406 3103 483 3171; x_wconf 91' lang='lat' dir='ltr'>ideo</span> <span class='ocrx_word' id='word_1_163' title='bbox 508 3103 567 3170; x_wconf 89' lang='lat' dir='ltr'>fiet</span> <span class='ocrx_word' id='word_1_164' title='bbox 600 3102 833 3182; x_wconf 86' lang='lat' dir='ltr'>manifestum,</span> <span class='ocrx_word' id='word_1_165' title='bbox 858 3102 950 3190; x_wconf 90' lang='lat' dir='ltr'>quod</span> <span class='ocrx_word' id='word_1_166' title='bbox 975 3103 1067 3192; x_wconf 91' lang='lat' dir='ltr'>apud</span> <span class='ocrx_word' id='word_1_167' title='bbox 1095 3105 1229 3171; x_wconf 70' lang='lat' dir='ltr'>Graecos</span> 
     </span>
     <span class='ocr_line' id='line_1_26' title="bbox 217 3209 1227 3298; baseline 0 -24"><span class='ocrx_word' id='word_1_168' title='bbox 217 3217 326 3296; x_wconf 80' lang='lat' dir='ltr'>poetae</span> <span class='ocrx_word' id='word_1_169' title='bbox 341 3209 515 3298; x_wconf 86' lang='lat' dir='ltr'>religionis</span> <span class='ocrx_word' id='word_1_170' title='bbox 536 3209 665 3298; x_wconf 68' lang='lat' dir='ltr'>pratriar,</span> <span class='ocrx_word' id='word_1_171' title='bbox 684 3209 758 3298; x_wconf 90' lang='lat' dir='ltr'>ipsa</span> <span class='ocrx_word' id='word_1_172' title='bbox 774 3229 889 3277; x_wconf 89' lang='lat' dir='ltr'>rerum</span> <span class='ocrx_word' id='word_1_173' title='bbox 907 3215 1028 3276; x_wconf 86' lang='lat' dir='ltr'>natura</span> <span class='ocrx_word' id='word_1_174' title='bbox 1058 3215 1092 3277; x_wconf 92' lang='lat' dir='ltr'>el</span> <span class='ocrx_word' id='word_1_175' title='bbox 1121 3211 1227 3277; x_wconf 81' lang='lat' dir='ltr'>reteri</span> 
     </span>
     <span class='ocr_line' id='line_1_27' title="bbox 216 3315 1227 3412; baseline -0.001 -30"><span class='ocrx_word' id='word_1_176' title='bbox 216 3315 477 3396; x_wconf 88' lang='lat' dir='ltr'>consuetudine,</span> <span class='ocrx_word' id='word_1_177' title='bbox 500 3322 557 3382; x_wconf 89' lang='lat' dir='ltr'>aut</span> <span class='ocrx_word' id='word_1_178' title='bbox 577 3316 781 3412; x_wconf 82' lang='lat' dir='ltr'>interpretes</span> <span class='ocrx_word' id='word_1_179' title='bbox 807 3321 903 3385; x_wconf 89' lang='lat' dir='ltr'>erant</span> <span class='ocrx_word' id='word_1_180' title='bbox 926 3317 1101 3384; x_wconf 83' lang='lat' dir='ltr'>autetiam</span> <span class='ocrx_word' id='word_1_181' title='bbox 1121 3315 1227 3382; x_wconf 84' lang='lat' dir='ltr'>artifi-</span> 
     </span>
     <span class='ocr_line' id='line_1_28' title="bbox 216 3423 1229 3512; baseline 0.001 -23"><span class='ocrx_word' id='word_1_182' title='bbox 216 3442 290 3502; x_wconf 87' lang='lat' dir='ltr'>ces;</span> <span class='ocrx_word' id='word_1_183' title='bbox 305 3443 417 3512; x_wconf 85' lang='lat' dir='ltr'>neque</span> <span class='ocrx_word' id='word_1_184' title='bbox 442 3423 516 3492; x_wconf 87' lang='lat' dir='ltr'>lieri</span> <span class='ocrx_word' id='word_1_185' title='bbox 544 3428 737 3512; x_wconf 90' lang='lat' dir='ltr'>poteratut</span> <span class='ocrx_word' id='word_1_186' title='bbox 761 3425 959 3512; x_wconf 82' lang='lat' dir='ltr'>quinorum</span> <span class='ocrx_word' id='word_1_187' title='bbox 984 3423 1118 3492; x_wconf 88' lang='lat' dir='ltr'>fabulas</span> <span class='ocrx_word' id='word_1_188' title='bbox 1149 3425 1229 3492; x_wconf 89' lang='lat' dir='ltr'>artis</span> 
     </span>
     <span class='ocr_line' id='line_1_29' title="bbox 217 3529 1228 3620; baseline 0 -24"><span class='ocrx_word' id='word_1_189' title='bbox 217 3529 516 3610; x_wconf 83' lang='lat' dir='ltr'>causaderideret,</span> <span class='ocrx_word' id='word_1_190' title='bbox 535 3551 603 3598; x_wconf 92' lang='lat' dir='ltr'>non</span> <span class='ocrx_word' id='word_1_191' title='bbox 620 3530 812 3598; x_wconf 85' lang='lat' dir='ltr'>fabularum</span> <span class='ocrx_word' id='word_1_192' title='bbox 827 3533 1015 3612; x_wconf 85' lang='lat' dir='ltr'>materiam,</span> <span class='ocrx_word' id='word_1_193' title='bbox 1028 3531 1228 3620; x_wconf 84' lang='lat' dir='ltr'>religionem</span> 
     </span>
     <span class='ocr_line' id='line_1_30' title="bbox 216 3636 1228 3727; baseline -0.003 -22"><span class='ocrx_word' id='word_1_194' title='bbox 216 3637 355 3717; x_wconf 86' lang='lat' dir='ltr'>scilicet,</span> <span class='ocrx_word' id='word_1_195' title='bbox 377 3636 551 3705; x_wconf 89' lang='lat' dir='ltr'>videretur</span> <span class='ocrx_word' id='word_1_196' title='bbox 564 3637 728 3705; x_wconf 87' lang='lat' dir='ltr'>infamare</span> <span class='ocrx_word' id='word_1_197' title='bbox 748 3663 753 3703; x_wconf 93' lang='lat'><strong>:</strong></span> <span class='ocrx_word' id='word_1_198' title='bbox 773 3639 807 3704; x_wconf 94' lang='lat' dir='ltr'>in</span> <span class='ocrx_word' id='word_1_199' title='bbox 826 3659 928 3707; x_wconf 85' lang='lat' dir='ltr'>scona</span> <span class='ocrx_word' id='word_1_200' title='bbox 943 3638 1146 3727; x_wconf 70' lang='lat' dir='ltr'>pracsertim,</span> <span class='ocrx_word' id='word_1_201' title='bbox 1170 3637 1228 3705; x_wconf 90' lang='lat' dir='ltr'>uhi</span> 
     </span>
    </p>
   </div>
   <div class='ocr_carea' id='block_1_5' title="bbox 204 3860 1226 4254">
    <p class='ocr_par' dir='ltr' id='par_1_5' title="bbox 247 3860 1066 3924">
     <span class='ocr_line' id='line_1_31' title="bbox 247 3860 1066 3924; baseline 0.004 -16"><span class='ocrx_word' id='word_1_202' title='bbox 247 3860 254 3894; x_wconf 83' lang='lat'>¹</span> <span class='ocrx_word' id='word_1_203' title='bbox 274 3861 309 3908; x_wconf 81' lang='lat' dir='ltr'>Cf.</span> <span class='ocrx_word' id='word_1_204' title='bbox 324 3863 421 3919; x_wconf 75' lang='lat' dir='ltr'>Euam,</span> <span class='ocrx_word' id='word_1_205' title='bbox 438 3863 534 3922; x_wconf 79' lang='lat' dir='ltr'>Fraprn.</span> <span class='ocrx_word' id='word_1_206' title='bbox 554 3860 695 3921; x_wconf 67' lang='lat' dir='ltr'>hederacia,</span> <span class='ocrx_word' id='word_1_207' title='bbox 709 3863 739 3919; x_wconf 84' lang='grc' dir='ltr'>Χ,</span> <span class='ocrx_word' id='word_1_208' title='bbox 757 3863 818 3910; x_wconf 77' lang='lat' dir='ltr'>xvi.</span> <span class='ocrx_word' id='word_1_209' title='bbox 837 3865 883 3922; x_wconf 81' lang='lat' dir='ltr'>(Fr.</span> <span class='ocrx_word' id='word_1_210' title='bbox 898 3863 926 3911; x_wconf 88' lang='lat' dir='ltr'>G.</span> <span class='ocrx_word' id='word_1_211' title='bbox 942 3865 1066 3924; x_wconf 81' lang='lat' dir='ltr'>Wagner.)</span> 
     </span>
    </p>

    <p class='ocr_par' dir='ltr' id='par_1_6' title="bbox 245 3939 1032 4004">
     <span class='ocr_line' id='line_1_32' title="bbox 245 3939 1032 4004; baseline 0.005 -16"><span class='ocrx_word' id='word_1_212' title='bbox 245 3939 256 3973; x_wconf 75' lang='lat'>²</span> <span class='ocrx_word' id='word_1_213' title='bbox 274 3943 306 3989; x_wconf 86' lang='lat' dir='ltr'>bc</span> <span class='ocrx_word' id='word_1_214' title='bbox 321 3944 367 3989; x_wconf 88' lang='lat' dir='ltr'>hac</span> <span class='ocrx_word' id='word_1_215' title='bbox 380 3944 506 4002; x_wconf 85' lang='lat' dir='ltr'>deperdita</span> <span class='ocrx_word' id='word_1_216' title='bbox 522 3943 615 4000; x_wconf 83' lang='lat' dir='ltr'>fabula,</span> <span class='ocrx_word' id='word_1_217' title='bbox 632 3944 682 3990; x_wconf 92' lang='lat' dir='ltr'>vid.</span> <span class='ocrx_word' id='word_1_218' title='bbox 700 3943 774 4001; x_wconf 80' lang='lat' dir='ltr'>iufra,</span> <span class='ocrx_word' id='word_1_219' title='bbox 792 3959 845 4004; x_wconf 88' lang='lat' dir='ltr'>cup.</span> <span class='ocrx_word' id='word_1_220' title='bbox 860 3947 900 4002; x_wconf 89' lang='grc' dir='ltr'>ΙΙΙ,</span> <span class='ocrx_word' id='word_1_221' title='bbox 915 3947 962 3993; x_wconf 86' lang='lat' dir='ltr'>sub</span> <span class='ocrx_word' id='word_1_222' title='bbox 975 3947 1032 3992; x_wconf 86' lang='lat' dir='ltr'>[ine.</span> 
     </span>
    </p>

    <p class='ocr_par' dir='ltr' id='par_1_7' title="bbox 204 4021 1226 4254">
     <span class='ocr_line' id='line_1_33' title="bbox 246 4021 1226 4088; baseline -0.004 -16"><span class='ocrx_word' id='word_1_223' title='bbox 246 4021 257 4054; x_wconf 84' lang='lat'>³</span> <span class='ocrx_word' id='word_1_224' title='bbox 273 4023 426 4088; x_wconf 71' lang='grc' dir='ltr'>Παρῳδεῑται</span> <span class='ocrx_word' id='word_1_225' title='bbox 445 4024 619 4084; x_wconf 85' lang='lat' dir='ltr'>Aristophanes</span> <span class='ocrx_word' id='word_1_226' title='bbox 635 4023 726 4083; x_wconf 73' lang='lat' dir='ltr'>epicos,</span> <span class='ocrx_word' id='word_1_227' title='bbox 745 4027 857 4084; x_wconf 80' lang='lat' dir='ltr'>tragicos,</span> <span class='ocrx_word' id='word_1_228' title='bbox 874 4027 975 4086; x_wconf 74' lang='lat' dir='ltr'>lyricos,</span> <span class='ocrx_word' id='word_1_229' title='bbox 991 4025 1125 4083; x_wconf 63' lang='lat' dir='ltr'>theologos</span> <span class='ocrx_word' id='word_1_230' title='bbox 1144 4036 1226 4070; x_wconf 76' lang='lat' dir='ltr'>errror-</span> 
     </span>
     <span class='ocr_line' id='line_1_34' title="bbox 214 4104 1225 4166; baseline 0 -16"><span class='ocrx_word' id='word_1_231' title='bbox 214 4105 425 4162; x_wconf 61' lang='lat' dir='ltr'>detractatorum</span> <span class='ocrx_word' id='word_1_232' title='bbox 443 4106 588 4166; x_wconf 82' lang='lat' dir='ltr'>tragicorum</span> <span class='ocrx_word' id='word_1_233' title='bbox 602 4106 879 4164; x_wconf 84' lang='lat' dir='ltr'>tamon-amplissimum</span> <span class='ocrx_word' id='word_1_234' title='bbox 897 4107 1051 4154; x_wconf 86' lang='lat' dir='ltr'>tenctlocum</span> <span class='ocrx_word' id='word_1_235' title='bbox 1072 4104 1225 4150; x_wconf 75' lang='lat' dir='ltr'>deformatio.</span> 
     </span>
     <span class='ocr_line' id='line_1_35' title="bbox 204 4185 1180 4254; baseline 0 -22"><span class='ocrx_word' id='word_1_236' title='bbox 204 4185 241 4254; x_wconf 53' lang='lat' dir='ltr'>J.</span> <span class='ocrx_word' id='word_1_237' title='bbox 260 4199 309 4234; x_wconf 76' lang='lat' dir='ltr'>ran</span> <span class='ocrx_word' id='word_1_238' title='bbox 325 4199 355 4232; x_wconf 81' lang='lat' dir='ltr'>nr:</span> <span class='ocrx_word' id='word_1_239' title='bbox 370 4188 452 4234; x_wconf 75' lang='lat' dir='ltr'>Sason</span> <span class='ocrx_word' id='word_1_240' title='bbox 468 4187 627 4246; x_wconf 75' lang='lat' dir='ltr'>ltaunrrsan,</span> <span class='ocrx_word' id='word_1_241' title='bbox 645 4201 683 4246; x_wconf 85' lang='lat' dir='ltr'>cp.</span> <span class='ocrx_word' id='word_1_242' title='bbox 700 4188 740 4236; x_wconf 87' lang='lat' dir='ltr'>rit.</span> <span class='ocrx_word' id='word_1_243' title='bbox 759 4188 794 4235; x_wconf 76' lang='grc' dir='ltr'>(ΙΙ.</span> <span class='ocrx_word' id='word_1_244' title='bbox 811 4190 970 4236; x_wconf 74' lang='lat' dir='ltr'>hununannr.</span> <span class='ocrx_word' id='word_1_245' title='bbox 991 4187 1017 4246; x_wconf 87' lang='grc' dir='ltr'>ΙΙ,</span> <span class='ocrx_word' id='word_1_246' title='bbox 1034 4185 1077 4232; x_wconf 80' lang='lat' dir='ltr'>tro</span> <span class='ocrx_word' id='word_1_247' title='bbox 1093 4187 1115 4231; x_wconf 90' lang='lat' dir='ltr'>ot</span> <span class='ocrx_word' id='word_1_248' title='bbox 1129 4197 1180 4244; x_wconf 84' lang='lat' dir='ltr'>seq.</span> 
     </span>
    </p>
   </div>
   <div class='ocr_carea' id='block_1_6' title="bbox 0 0 1589 5082">
    <p class='ocr_par' dir='ltr' id='par_1_8' title="bbox 0 0 1589 5082">
     <span class='ocr_line' id='line_1_36' title="bbox 0 0 1589 5082; baseline 0 0"><span class='ocrx_word' id='word_1_249' title='bbox 0 0 1589 5082; x_wconf 95' lang='lat' dir='ltr'> </span> 
     </span>
    </p>
   </div>
  </div>
 </body>
</html>
