3156 5082
238 620 298 690 Coi
308 619 500 694 mvillando
515 621 679 710 rugans
692 619 825 694 lucidas
841 620 920 693 illas
934 622 1053 696 setas
1065 644 1086 692 e
1100 623 1247 696 divitum

239 727 417 798 stellmum
450 745 527 796 esse
558 745 703 798 numero
734 726 1042 818 respondetque
1068 751 1163 802 rana
1191 753 1246 803 re·

238 834 397 917 dauntre,
425 853 586 906 accensu
612 832 729 904 lerunt
752 833 902 907 laternas
914 855 962 910 ne
980 838 1015 904 in
1041 837 1163 910 itincre
1195 839 1248 908 ol-

238 940 392 1012 landant.

283 1049 323 1116 ln
336 1053 438 1117 Pone
459 1049 752 1140 Pythagoreorum
766 1050 890 1139 placita
916 1050 1186 1142 demigratione
1215 1059 1250 1120 et

240 1156 478 1248 purificatione
491 1156 685 1226 ammarum
705 1161 938 1247 spectatorum
961 1179 1052 1250 pene
1065 1158 1251 1250 subjiciun-

240 1272 297 1334 tur
310 1264 419 1333 oculis
435 1271 470 1334 ct
483 1264 649 1334 cuminam
662 1263 814 1354 speciem
823 1263 974 1339 induunt
992 1270 1016 1334 ¹.
1033 1267 1074 1338 In
1087 1286 1192 1336 scena
1202 1267 1250 1335 vi-

239 1373 322 1444 dere
335 1379 389 1442 eet
402 1377 578 1442 mortuum
589 1371 731 1454 elatum
748 1371 793 1442 ad
806 1373 994 1445 Acherusia
1007 1383 1248 1466 properantem

238 1483 354 1552 littora
367 1486 403 1550 ct
419 1483 635 1548 recusantem
658 1479 845 1568 quominus
864 1481 1022 1550 Xanthia
1047 1482 1124 1552 loco
1144 1483 1249 1552 sarci-

239 1608 301 1658 nas
314 1586 436 1657 Bacchi
444 1585 586 1655 auter-at.
601 1585 726 1657 Totum
740 1587 805 1658 iter
815 1586 858 1656 ab
869 1588 995 1658 animis
1010 1593 1249 1678 postmortem

237 1693 473 1768 emetiendum
492 1698 663 1783 spectator
678 1715 759 1766 cum
773 1700 874 1784 poeta
895 1696 1047 1786 peragro
1070 1715 1152 1766 nam
1165 1697 1248 1765 Bec-

237 1804 338 1886 chus,
353 1801 521 1894 dignitate
534 1821 598 1870 sna
615 1801 890 1883 commendatus,
909 1802 1090 1874 Charontis
1110 1803 1248 1873 vehitur

237 1910 372 1999 cymba,
389 1908 474 1978 dnm
497 1908 663 1977 Xanthias
681 1929 816 1992 servus,
840 1910 1010 1999 pedestris
1040 1917 1075 1982 et
1106 1910 1248 1980 circuitu

236 2019 337 2098 lactc,
358 2017 482 2087 eodem
495 2016 657 2086 conuenit
672 2015 749 2085 loci.
771 2016 987 2088 initiatorum
1006 2037 1144 2108 qnoque
1163 2017 1249 2087 cho·

237 2145 315 2196 rum
330 2123 471 2214 premia
486 2143 549 2192 sna
567 2129 749 2194 canentem
763 2129 798 2194 et
809 2145 903 2196 nunc
921 2126 1011 2196 serio
1025 2146 1120 2196 nunc
1131 2127 1249 2216 jocose

237 2232 467 2304 celebrantem
494 2232 657 2320 mysteria
686 2231 828 2302 inducit.
860 2233 942 2311 Quae
975 2234 1010 2303 in
1043 2253 1146 2304 scena
1177 2253 1247 2303 non

237 2347 437 2432 comparent
450 2345 597 2430 peracta,
619 2339 791 2420 Heraclea,
812 2339 983 2410 Bacchum
997 2339 1041 2410 de
1071 2341 1135 2410 vim
1158 2341 1248 2431 peri·

236 2448 322 2518 colis
334 2454 369 2517 et
386 2445 555 2538 portentis
579 2446 838 2536 praemonendo,
855 2449 1026 2520 enarravit
1050 2447 1201 2539 primum
1218 2453 1245 2529 ²,

237 2575 281 2626 nc
295 2553 366 2625 ulla
382 2573 461 2646 pars
479 2551 584 2643 hujus
594 2552 817 2623 fabulationis
843 2553 1095 2626 cavillationem
1117 2555 1248 2646 effuge·

237 2668 299 2733 ret.
334 2658 571 2751 Empedocles,
603 2679 707 2750 quem
741 2667 876 2732 constat
899 2661 1008 2732 multa
1038 2662 1082 2732 de
1127 2661 1247 2732 inferis

237 2770 415 2862 scripsisse
439 2788 520 2837 cum
548 2787 673 2859 magno
686 2769 882 2840 titanorum
913 2770 1041 2857 favore,
1072 2769 1247 2839 Philolaus

238 2877 496 2968 Pythagoricos,
512 2876 609 2964 cujus
622 2875 743 2966 placita
771 2877 871 2965 paulo
894 2883 974 2966 post
988 2877 1082 2946 Plato
1102 2896 1246 2946 exorna·

238 2985 287 3054 vit
323 2991 357 3054 et
394 2982 627 3073 amplificavit,
658 2983 778 3052 comici
821 2984 1045 3074 petulantiam
1086 2983 1248 3055 videntur

230 3092 388 3172 -alnisse;
409 3090 482 3160 sive
508 3109 628 3159 eorum
647 3088 753 3158 libros
772 3090 808 3160 in
834 3089 995 3160 manibus
1014 3090 1146 3173 hahuit,
1172 3091 1246 3160 sive

92 3243 97 3253 ,
238 3199 328 3267 lama
346 3196 518 3288 cognovit.
536 3195 628 3264 Sicut
640 3200 888 3279 Ecclesiorusr'n
909 3217 986 3287 quae
1000 3202 1116 3268 tamen
1129 3196 1246 3267 fabula

238 3307 355 3376 multis
369 3305 469 3373 annis
481 3303 573 3394 prior
587 3309 650 3384 est,
664 3302 775 3372 civilia
789 3303 1035 3374 Socraticorum
1054 3303 1187 3373 somnia
1198 3304 1247 3372 lu·

237 3412 347 3481 dibric
365 3411 498 3490 habuit,
515 3409 561 3478 ita
590 3415 691 3479 Pooir
713 3429 789 3479 eam
809 3415 976 3478 Phocionis
1009 3415 1140 3500 partem
1168 3432 1245 3499 quae

236 3521 272 3588 in
297 3521 485 3590 inferorum
520 3517 750 3607 descriptione
772 3525 939 3600 versatur,
965 3537 1165 3608 expressam
1190 3517 1243 3586 di·

237 3645 332 3696 ceres
349 3629 376 3693 ³.

268 3860 276 3894 ¹
296 3861 366 3919 lton„
382 3859 427 3906 ¹7⁰
439 3863 464 3905 et
476 3871 527 3918 seq.

266 3938 277 3974 ¹
294 3939 369 3996 told„
383 3941 427 3986 lae
443 3942 467 3986 ct
477 3951 528 3998 seo.
543 3940 578 3987 Gi.
591 3952 676 3998 supra
691 3953 715 3998 p.
731 3943 759 3986 56
774 3945 798 3986 er
811 3953 862 4000 seq.
880 3941 991 4001 reprimet,
1004 3945 1029 3989 61
1047 3944 1072 3988 et
1085 3953 1137 4000 seq.

264 4017 276 4054 ⁸
292 4020 318 4068 c.
333 4021 374 4067 Pr.
386 4020 520 4076 mansan,
534 4021 566 4066 De
576 4017 717 4078 multoe
729 4018 839 4068 Platonis
850 4020 1005 4082 emporibus.
1015 4021 1112 4076 naurs,
1122 4017 1247 4080 Areopa.

234 4101 289 4156 ott,
304 4099 316 4162 ξ
332 4102 369 4148 lt.
387 4101 512 4156 llmnnn,
525 4100 587 4152 Hirt.
600 4099 669 4156 crit,
682 4100 700 4160 Ι,
717 4103 771 4150 tut.
790 4101 883 4156 lima.
902 4099 974 4164 licio.
993 4113 1052 4150 com.
1071 4099 1151 4158 attic..
1167 4113 1193 4160 p.
1207 4101 1248 4148 tt.

237 4180 398 4238 ananim,
413 4180 443 4236 11,
460 4181 513 4228 883.
