3114 5088
643 528 784 582 -49..

205 674 284 722 mus
302 641 477 742 quaerere:
505 673 581 741 quae
606 657 734 734 tamen,
758 657 891 741 peracta
918 652 1153 741 Aristophanis
1175 651 1191 719 f
1210 693 1222 704 -

205 761 298 842 bula,
316 762 490 830 veneratio
507 765 737 848 spectatorum
754 759 877 827 animis
894 778 1074 848 superesse
1089 766 1221 848 poterat

207 868 265 956 qui
285 866 513 936 deformatum
526 867 624 933 illum
637 868 835 955 Olympum,
854 865 897 932 ad
913 866 1043 934 venalis
1058 885 1222 954 cauponae

207 978 268 1040 aut
282 972 448 1060 lupanarii
465 970 728 1039 similitudinem
742 992 957 1060 expressum,
975 971 1223 1061 adspexerant?

253 1078 449 1165 Insequenti
460 1097 563 1156 anno,
580 1083 661 1143 Aves
673 1077 782 1146 docfae
798 1080 927 1146 suntin
942 1099 1044 1147 socna
1063 1084 1087 1158 ¹,
1103 1078 1226 1167 inqui·
1274 1085 1276 1088 ’

208 1183 274 1250 bus
295 1183 533 1272 Aristophanis
558 1185 746 1274 ingenium,
777 1185 881 1252 simul
905 1191 1008 1274 atque
1023 1185 1168 1254 Athenae
1182 1184 1225 1251 ad

208 1289 383 1378 fastigium
395 1291 572 1378 potestatis
585 1298 619 1359 et
631 1293 704 1380 spei
720 1291 910 1380 magnifioae
923 1291 1141 1361 altitudinem
1154 1312 1227 1380 per-

209 1402 386 1475 venerant,
404 1396 445 1463 ad
459 1399 625 1465 terminos
637 1398 730 1487 ipsos
744 1399 964 1487 lepidissimae
976 1400 1057 1467 artis
1070 1405 1227 1467 evectum

209 1507 274 1571 est.
297 1502 354 1570 Cui
371 1500 496 1570 fabulae
521 1503 710 1572 doctissimi
737 1505 800 1572 viri
828 1507 933 1574 totius
947 1507 1121 1596 religionis
1141 1506 1227 1576 deli-

210 1607 361 1676 beratam
377 1608 490 1676 inesse
507 1630 686 1678 censuram
703 1611 934 1680 crediderunt.
949 1615 1066 1702 Neque
1081 1614 1225 1702 injuria:

210 1717 337 1805 quippe
371 1738 448 1805 quae
479 1717 595 1786 divina
635 1718 854 1807 humanaque
884 1719 1000 1786 omnia
1033 1719 1228 1808 gratissimo

211 1823 409 1890 facetiarum
430 1823 550 1892 decore
566 1829 599 1892 et
615 1825 702 1892 alata
721 1824 867 1913 quadam
890 1825 1072 1893 verborum
1093 1832 1229 1893 senten-

213 1928 405 2016 tiarumque
432 1929 590 1998 libertate
621 1933 778 2019 attingat,
814 1931 983 2020 religiosis
1018 1952 1097 2000 uero
1128 1953 1229 2020 argu-

213 2035 339 2104 mentis
360 2036 611 2124 amplissimum
633 2037 759 2104 tribuat
784 2038 910 2106 locum.
939 2038 1075 2105 Nullarn
1104 2040 1231 2126 quippe

214 2142 414 2230 placitorum
426 2151 580 2211 veterum
594 2144 637 2212 de
648 2144 714 2212 diis
727 2151 858 2233 partem
868 2146 1072 2234 praeteriisse
1082 2145 1228 2238 videtur,

214 2251 310 2336 quasi
326 2248 369 2317 de
385 2249 553 2317 industria
568 2270 689 2318 vocare
704 2250 898 2318 indubium
918 2251 1033 2318 omnia
1047 2257 1081 2319 et
1100 2251 1230 2318 facetiis

215 2355 407 2424 deformare
434 2357 610 2425 voluisset.
632 2357 801 2445 Quidquid
818 2358 1029 2446 philosophi,
1053 2357 1232 2445 Xenopha-

216 2483 295 2530 nem
323 2463 441 2540 secuti,
474 2463 507 2529 in
536 2464 922 2553 anthroponrorphismo
946 2464 1113 2552 ineptum,
1141 2463 1232 2528 indi-

216 2588 335 2657 gnum,
376 2576 466 2636 recta
503 2570 693 2637 abhorrens
732 2571 875 2648 ratione,
916 2570 1230 2660 deprehenderunt,

217 2676 473 2764 generationem
505 2675 648 2746 deorum
677 2698 752 2746 sese
777 2679 922 2746 inuicem
944 2680 978 2744 in
1005 2676 1125 2744 mundi
1149 2677 1233 2764 regi·

218 2784 311 2850 mine
328 2783 585 2871 excipientium,
608 2783 829 2853 barbarorum
848 2785 1030 2853 numinum
1052 2804 1131 2851 cum
1147 2802 1232 2871 gen-

221 2889 336 2957 tilibus
350 2889 415 2957 diis
431 2891 680 2970 emulationes,
710 2893 981 2959 commentitiam
999 2889 1235 2958 immortalita-

221 3003 301 3076 tem,
314 2996 465 3062 humana
474 2997 555 3064 vitia
565 3003 667 3087 atque
678 2999 805 3086 flagitia
816 2996 859 3064 ad
870 2999 1046 3085 Olympios
1059 2997 1233 3074 translata,

220 3101 331 3169 foedos
346 3123 492 3183 amores,
511 3103 758 3193 Aristophanes
777 3105 915 3193 collegit
930 3102 1185 3191 quodammodo
1203 3109 1237 3169 et

221 3208 344 3277 fabulae
363 3231 435 3278 suae
450 3211 624 3299 proposito
641 3212 799 3280 intexuit.
821 3213 901 3304 Quae
917 3211 1032 3278 omnia
1044 3209 1235 3278 recensenti

222 3313 387 3384 dubitatio
415 3317 509 3384 nulla
529 3317 571 3384 de
597 3320 716 3386 comici
745 3321 886 3388 consilio
901 3339 1077 3387 remanere
1098 3321 1234 3406 potest:

222 3422 287 3488 uisi
302 3424 379 3511 quis
399 3423 513 3491 forsan
528 3426 602 3512 ejus
615 3425 1015 3495 stultiliaeacutissimum
1030 3427 1140 3493 uirum
1157 3424 1239 3491 velit

223 3526 398 3609 damnare,
416 3537 454 3596 ut
469 3531 542 3619 ipse
555 3551 624 3599 non
642 3532 834 3621 perviderit,
854 3556 960 3622 quum
981 3533 1132 3599 fabulam
1147 3551 1239 3598 corn-

225 3642 377 3722 ponerot,
409 3636 502 3725 quod
529 3658 604 3717 nos,
635 3638 921 3728 philosophorum
950 3639 1240 3729 disputationibus

225 3740 347 3823 edocti,
378 3745 520 3832 exejus
552 3745 833 3833 interpretatione
860 3769 928 3816 non
958 3767 1143 3837 possumus
1170 3764 1240 3811 non

225 3848 397 3938 colligere.

255 4097 314 4149 ¹cl.
332 4103 373 4149 lu.
394 4101 583 4159 llocx,1ntrod.
597 4103 630 4150 od
644 4103 710 4150 does.
726 4105 751 4150 d.
768 4105 844 4160 Korn,
867 4100 981 4160 Aristoplt
1001 4099 1054 4148 und
1076 4099 1116 4147 dte
1129 4099 1187 4148 uoet.
1203 4097 1245 4146 der

231 4180 338 4242 t'oltspt,
355 4186 384 4230 ur
398 4188 421 4230 et
435 4197 486 4244 seq.

1025 4263 1042 4314 d
