3114 5088
620 515 762 570 ..39-

166 641 207 710 in
234 646 352 728 Raptis
375 641 525 708 Thraciae
552 641 707 728 Gottytus
733 641 827 730 orgia
847 639 1009 721 traduxit,
1033 639 1198 708 Alcibiadi

167 750 210 816 in
231 748 350 817 fabula
371 748 549 838 praecipuis
562 747 746 836 assignatis
764 746 931 838 partibus,
948 766 1051 835 quem
1077 747 1198 816 secreti

168 857 276 926 illius
298 857 424 935 cultus,
451 854 611 923 omnibus
631 854 747 924 foedati
776 853 991 935 hbrdrnrbnS,
1024 853 1199 943 perhibuit

169 965 434 1054 peritissimum
453 967 477 1030 ¹.
1079 965 1082 972 '

225 1071 325 1139 Idem
347 1070 586 1160 Aristophanis
606 1069 640 1136 in
654 1075 875 1136 Lemniorum
894 1069 1071 1159 deperdita
1084 1068 1199 1136 fabula

172 1180 408 1269 propositum,
426 1179 497 1247 sive
513 1177 606 1266 quod
625 1177 854 1246 Athenienses
870 1197 889 1244 a
904 1177 1017 1267 pravis
1036 1175 1198 1245 diducere

172 1286 407 1376 religionibus
433 1285 548 1364 vellet,
572 1285 644 1352 sive
671 1289 805 1351 tantum
827 1283 906 1373 quia
928 1303 969 1352 ex
994 1289 1197 1373 argumento

174 1413 244 1482 per
254 1412 290 1460 se
299 1391 441 1460 ridiculo
453 1392 616 1459 uomicam
628 1410 725 1458 suam
737 1389 931 1458 facundiam
945 1396 1153 1458 sustentaret
1169 1394 1195 1456 ².
1237 1441 1239 1444 -

176 1499 362 1578 Quomodo
378 1499 414 1566 in
430 1498 629 1579 Bendidem,
640 1498 829 1567 Threiciam
841 1496 1025 1586 quamdam
1041 1497 1196 1576 Dianam,

177 1607 365 1696 orgiastico
383 1607 476 1674 cultu
499 1605 716 1690 celebratam,
740 1607 896 1674 invectus
918 1604 962 1672 sit
971 1624 1091 1694 parurn
1103 1625 1198 1673 com-

178 1718 333 1804 pertum.
351 1715 513 1803 Superest
528 1715 619 1780 iuter
633 1733 739 1802 pauca
754 1713 956 1802 fragmenta,
977 1733 1082 1780 sensu
1103 1714 1197 1780 omni

179 1821 360 1901 destituta,
380 1841 501 1890 versus
518 1821 576 1889 ille
596 1841 664 1908 quo
686 1819 901 1909 peregrinam
917 1817 1017 1886 deam
1034 1817 1077 1885 ab
1093 1818 1197 1886 Athe-

180 1929 363 1998 niensibus
380 1934 551 2018 receptam
567 1927 750 2018 significari
771 1926 882 2007 docet,
904 1927 963 2015 qui
978 1924 1104 1995 deiude
1117 1930 1197 2016 pro-

180 2035 292 2104 verbii
307 2037 383 2105 loco
398 2035 508 2104 dictus
523 2042 576 2104 est
590 2035 632 2104 de
647 2035 688 2102 iis
703 2056 779 2123 quae
794 2035 830 2102 in
845 2035 978 2104 honore
994 2040 1096 2103 sunt:

302 2249 356 2306 Ἠν
374 2247 519 2323 κρατίστην
534 2241 651 2322 δαίμον’,
667 2242 699 2309 ἦς
713 2250 760 2300 νῦν
775 2242 868 2322 θερμός
882 2240 952 2301 ὶσθό“
969 2243 1069 2321 βωμός.

227 2472 462 2541 Samothraces
487 2473 716 2563 Lemniosque
730 2473 829 2543 deam
846 2473 1031 2563 quamdam
1049 2473 1197 2541 coluisse

183 2580 1199 2673 HeoataealqueDianae(eanamqueBendisputabatur)simi-

183 2687 251 2756 lem
267 2707 379 2777 neque
399 2687 601 2756 diversama
619 2691 832 2779 Proserpina,
852 2690 895 2759 de
914 2709 981 2779 qua
997 2691 1069 2779 jam
1089 2690 1197 2758 Hero-

183 2791 283 2862 dotus
298 2794 406 2863 multa
422 2795 597 2864 audiverat
614 2801 639 2878 3,
659 2797 909 2866 demonstravit
921 2795 1123 2865 Lobeckius.

228 2903 265 2969 ln
281 2905 449 2969 Horarum
465 2903 591 2986 fabula,
607 2906 704 2995 cnjus
718 2907 851 2973 minuta
863 2911 996 2972 tantum
1007 2902 1199 2993 fragmenta

183 3016 378 3101 supersunt,
397 3010 547 3079 Minerva
562 3013 647 3102 ipsa,
664 3013 876 3081 Atheniense
895 3029 1037 3091 numen,
1058 3009 1199 3079 incessit
1222 2973 1228 3107 l

182 3123 216 3186 el
242 3116 408 3186 adversus
435 3116 622 3202 Sabazium,
660 3118 845 3186 Asiaticum
879 3117 995 3196 deum,
1020 3138 1090 3184 non
1123 3118 1198 3185 sine

182 3224 281 3293 lande
303 3229 406 3313 atque
430 3225 611 3315 majestate
637 3226 795 3294 aemulata
821 3231 885 3306 est,
912 3245 1015 3314 quern
1035 3222 1100 3292 sub
1127 3223 1197 3293 fine

182 3330 299 3398 Atticis
315 3331 415 3420 ejecit
430 3330 569 3399 finibus.
590 3332 691 3400 Nulla
707 3354 770 3402 nos
796 3330 965 3402 comoedia
983 3329 1108 3400 melius
1133 3329 1197 3399 do·

183 3457 256 3506 cere
280 3439 462 3527 potuisset,
493 3439 668 3526 quomodo
693 3441 822 3510 comice
842 3441 931 3508 inter
955 3437 1151 3508 veneranda
1178 3460 1199 3508 a

212 3713 221 3750 ¹
238 3718 357 3772 limum,
383 3717 502 3766 adverb.
523 3717 647 3766 Κοττύτω.
669 3719 768 3776 Scrron„
785 3716 897 3779 Apellen.
920 3716 1005 3775 litori„
1023 3717 1062 3774 1v,
1089 3715 1141 3764 tlt.
1155 3716 1199 3762 Lo·

182 3809 250 3853 ποι,
262 3794 392 3856 Autaopt,
408 3800 476 3846 1007.
493 3797 529 3845 Gi.
546 3799 648 3855 turma,
664 3800 694 3856 ΙΙ,
712 3802 750 3847 92.
765 3799 821 3848 Vid.
843 3801 916 3848 etiarn
929 3799 973 3848 ln.
987 3799 1065 3854 Kocu,
1081 3797 1115 3844 od
1131 3797 1198 3844 Aris

183 3875 246 3936 toph.
260 3877 328 3933 Acca,
342 3889 368 3924 v.
385 3880 439 3926 287.

211 3954 223 3989 ²
240 3959 386 4014 Amsrorrr,
403 3958 514 4018 Frapm„
530 3971 555 4018 p.
569 3958 624 4018 lar,
645 3960 675 4007 de
690 3959 806 4017 Bendide,
825 3961 1012 4026 yid.11nsvcn.‚
1028 3972 1052 4005 v.
1071 3957 1197 4018 Δίλογχος,

182 4034 299 4098 Ἀδμήτου
314 4037 386 4102 κόρη,
400 4037 491 4100 papalia
507 4037 569 4096 aeta.
587 4039 623 4087 Gi.
638 4040 754 4097 bonnam,
767 4054 808 4100 op.
826 4041 879 4099 cit,
903 4042 958 4096 too,
973 4037 1041 4088 1211.

212 4112 224 4147 ⁸
242 4119 381 4175 Horonon,
397 4119 427 4174 11,
442 4120 479 4166 51.
862 4111 864 4114 ’

212 4196 224 4236 ⁴
241 4201 376 4256 Anrsrorn,
389 4200 499 4262 Frcym„
517 4203 559 4250 511
577 4203 600 4250 ct
614 4212 665 4262 seq.
