3156 5082
300 722 309 755 ,ι
362 659 450 729 nihil
464 657 578 729 simile
606 663 763 728 narratur
785 663 821 725 et
844 675 888 724 ne
915 655 1076 746 praesnmi
1098 655 1241 744 quidem
1257 661 1384 745 potest.

308 760 328 841 ἳ,
361 765 774 856 Βειωὴεῃεὶίωῃ,,1ᾳβοὶνία
787 765 936 843 favente,
950 769 1161 854 spectatores
1173 761 1387 838 oomieorum

361 875 555 946 insolentia
574 873 682 942 multa
697 871 928 951 indulserunt,
951 870 1071 951 lateor,
1097 890 1175 958 qum
1203 871 1238 940 in
1255 875 1386 960 tragoe-

363 983 494 1051 diarum
509 981 675 1072 gravitate
687 999 758 1048 non
771 977 1006 1046 admisissent.
1031 977 1159 1046 illustri
1174 983 1293 1046 tamon
1306 979 1385 1050 AEs-
1505 1013 1508 1019 ·

362 1089 454 1178 ehyli
473 1095 576 1178 atque
591 1085 763 1178 Euripidis
778 1087 937 1176 exemplo
963 1086 1070 1175 liquet
1089 1105 1159 1154 non
1191 1085 1238 1156 lta
1263 1085 1385 1154 arcem

362 1195 548 1288 patrocinio
561 1194 734 1263 immunes
748 1193 854 1262 inisse
869 1201 987 1282 poetas
1010 1200 1044 1261 et
1069 1192 1263 1273 inviolatos,
1282 1189 1320 1260 ut
1344 1191 1386 1258 li·

360 1304 441 1374 bere
466 1307 608 1394 possent
644 1307 882 1390 duasenmqua‘
907 1299 950 1368 de
986 1297 1114 1368 divinia
1152 1299 1384 1388 humanisque

362 1411 542 1500 opiniones
567 1408 730 1498 proferre.
762 1406 1028 1497 Aristophanem
1049 1406 1153 1496 igitur
1181 1411 1383 1495 ueteresque

363 1517 510 1607 antiquar
529 1513 890 1594 eomoediaeauotores,
909 1515 968 1602 qui
985 1515 1067 1581 artis
1090 1530 1162 1582 sum
1185 1513 1384 1583 eruditione
1438 1536 1443 1541 ’

361 1633 465 1716 atque
485 1631 607 1692 natura
620 1621 759 1692 mvidiae
773 1627 875 1711 atque
888 1621 1074 1688 iuimialtlis'
1086 1621 1274 1689 multorum
1287 1627 1384 1689 erant

363 1733 516 1814 obnoxii,
534 1738 568 1799 et
583 1729 700 1799 indole
719 1729 853 1819 propria
867 1713 1128 1816 fabularumque
1150 1727 1327 1817 proposito
1348 1727 1383 1794 in

364 1839 554 1929 periculosa
571 1835 881 1905 omniumoausura
897 1835 1132 1916 versabantur,
1146 1834 1294 1904 libenter
1304 1852 1384 1904 aon-

358 1945 514 2034 jeetarim
532 1963 670 2034 operam
686 1944 786 2012 enixe
803 1941 951 2024 dedisse,
970 1949 1009 2011 nt
1024 1942 1089 2012 diis
1109 1943 1226 2032 patriis
1242 1943 1382 2030 lyrieam

361 2047 539 2121 aomoediae
555 2055 686 2140 partem
700 2049 859 2130 dicando,
883 2037 1263 2139 Athenasque'‘diiiuas
1284 2051 1377 2118 uala-

361 2157 505 2238 brando,
518 2156 633 2226 tutiah
643 2153 916 2255 recusationibus
927 2155 1011 2226 etda
1023 2145 1382 2247 sycophantiiss'euari

360 2273 468 2337 artem
482 2285 581 2354 suam
603 2270 746 2356 possent
758 2283 928 2333 exeruere.
951 2263 1047 2342 Quod
1063 2263 1092 2333 si
1108 2262 1305 2356 Sophoelas,
1321 2265 1380 2332 de·

359 2380 493 2444 cantato
510 2370 758 2461 illoOEdipodis
773 2372 878 2440 choro
890 2371 947 2440 nbi
960 2371 1103 2442 Athenae
1116 2369 1308 2462 splendidis
1321 2385 1380 2439 arr·

360 2483 528 2550 tolluntur
538 2479 746 2547 carminibus
768 2484 790 2558 ¹,
809 2499 879 2546 nou
901 2479 1014 2546 solrrm
1031 2478 1207 2569 indignam
1227 2479 1378 2547 liliorum

359 2588 665 2658 criminationema
685 2605 722 2654 se
736 2587 869 2670 avertit,
896 2584 956 2653 sed
977 2585 1067 2654 iuter
1077 2585 1235 2678 judicum
1257 2585 1380 2654 totius-

360 2715 428 2784 que
443 2693 559 2783 populi
573 2693 714 2782 plausus
730 2691 771 2763 ad
806 2691 948 2762 domum
978 2713 1076 2768 suam
1110 2691 1173 2764 fuit
1197 2689 1379 2774 deductus,

360 2802 525 2892 optimam
539 2799 602 2866 sibi
617 2797 784 2867 adversus
802 2799 960 2868 inimicos
976 2799 1379 2889 provideratdristopha-

360 2928 422 2977 nes
439 2907 593 2988 tutelam,
612 2914 646 2975 et
670 2913 860 2982 aecusatus,
879 2909 1011 3003 opinor,
1028 2914 1087 2976 aut
1102 2912 1249 2976 Notiora
1262 2909 1381 2996 exqui-

360 3017 465 3085 situm
482 3035 632 3096 carmen,
650 3016 760 3084 autin
787 3019 962 3102 liparitinus
986 3012 1135 3104 Neptuni
1165 3014 1380 3103 Palladiaque

359 3124 491 3204 laudea,
510 3123 634 3192 naalia
649 3123 747 3212 plura
758 3143 1039 3205 commemorem,
1054 3124 1088 3191 in
1099 3124 1292 3214 apologiam
1309 3125 1379 3213 pia·

359 3229 1380 3322 tatisrecitavissetNeedubitandumestqulnarimineliher

357 3339 448 3410 etob
465 3339 626 3427 pietatem
649 3337 807 3406 laudatus
830 3339 932 3408 etiam
958 3339 1186 3410 Heliastarum
1201 3339 1378 3431 duosegi-

359 3446 441 3513 tavit
457 3446 491 3511 in
519 3447 635 3528 Vespis,
654 3444 814 3513 tribunali
829 3444 951 3514 fuisset
966 3447 1297 3536 agressus.·AEqnum
1313 3445 1378 3514 erit

357 3573 422 3622 nos
442 3572 511 3620 non
527 3552 679 3620 severius
690 3551 855 3642 judicare,
879 3558 913 3619 at
928 3559 1110 3642 postquam
1128 3543 1240 3642 poetae
1274 3553 1377 3621 meri-

359 3667 429 3736 tam
443 3660 528 3732 artis
547 3680 618 3728 suae
639 3679 800 3729 eoronam
817 3659 1048 3742 tribuerimus
1071 3660 1227 3749 gratuitae
1242 3660 1378 3750 pietatis

357 3771 460 3857 atque
486 3767 627 3835 sineerae
650 3768 822 3847 maritum,
850 3788 930 3856 qum
955 3767 1108 3835 laumas
1134 3772 1248 3842 tamen
1263 3766 1378 3854 polius

356 3891 459 3966 qnam
474 3873 558 3943 daos
574 3875 802 3966 amplectitur,
824 3875 920 3942 nullo
941 3874 1045 3943 modo
1061 3873 1243 3964 denegare.

389 4101 399 4137 ¹
418 4103 478 4151 OEd.
495 4103 556 4160 col„
572 4107 625 4153 tat.
641 4105 676 4153 al.
694 4106 722 4153 0.
738 4107 850 4162 Moatra,
867 4107 897 4162 ll,
911 4105 956 4154 lta
971 4109 995 4152 et
1011 4119 1062 4164 reu.
