3114 5088
325 596 385 665 ubi
400 595 515 664 omnia
536 599 620 663 nutu
636 601 737 683 atque
757 595 896 664 arbitrio
913 595 1023 685 plebis
1040 594 1258 684 regebantur,
1285 593 1350 661 ubi
1433 687 1436 691 Ι

326 705 471 794 quisque
486 702 637 772 civilium
655 702 802 791 partium
818 708 878 771 aut
896 703 1008 769 t'autor
1032 708 1121 781 erat,
1144 707 1202 769 aut
1220 701 1359 770 adven
1384 707 1387 710 ’

327 809 454 890 sarius,
483 809 604 878 comici
629 815 762 878 veteres
792 829 852 898 pro
878 808 1027 897 antiquis
1056 809 1209 877 moribus
1242 815 1349 898 atque

327 917 494 985 institutis
529 914 695 985 adversus
727 936 852 984 nouam
885 915 1057 984 licentiam
1092 916 1186 985 velut
1213 917 1247 984 in
1273 916 1349 984 acie

326 1029 505 1092 steterunt.
534 1023 753 1091 lndulserunt
778 1029 972 1112 temporum
995 1023 1133 1090 illorum
1153 1023 1337 1102 desiderio,

326 1153 434 1222 quum
453 1151 564 1219 neque
580 1130 738 1198 dicacitas
759 1129 848 1218 apud
867 1129 1013 1219 plebem,
1040 1149 1152 1218 nequa
1178 1131 1343 1200 effrenata

328 1237 418 1329 apud
439 1238 625 1327 plebicolas
653 1237 793 1306 ambitio
823 1239 858 1304 in
884 1236 1067 1306 discrimen
1098 1237 1342 1328 rempublicam

330 1345 519 1426 vocabant;
537 1344 596 1412 ubi
612 1346 725 1434 leges,
745 1347 911 1434 majorum
934 1344 1117 1434 prudentia
1135 1345 1342 1426 constitutae,

331 1451 487 1520 militaris
507 1451 596 1518 fama
617 1473 678 1541 per
697 1472 821 1542 magna
836 1452 985 1521 facinora
1000 1461 1107 1542 parta,
1130 1453 1273 1522 modicae
1292 1453 1346 1519 di-

331 1558 434 1638 vitiae,
462 1578 582 1627 verum
597 1559 724 1649 ingenii
741 1567 775 1628 et
791 1559 941 1649 corporis
965 1560 1080 1641 robur,
1107 1561 1142 1628 in
1167 1581 1248 1651 paee
1270 1581 1346 1629 mo-

330 1668 494 1748 destiam,
517 1667 551 1734 in
581 1666 671 1735 bello
705 1667 940 1737 fortitudinem
974 1667 1196 1756 praestabant,
1229 1671 1275 1732 ita
1309 1672 1349 1732 ut

331 1777 462 1856 civitas,
479 1775 653 1844 defuturo
670 1795 787 1844 secura
807 1782 840 1844 et
857 1774 1023 1843 adversus
1043 1775 1192 1844 fatorum
1216 1773 1347 1861 iniqui-

332 1891 437 1953 tatem
466 1883 609 1962 munita,
640 1884 746 1972 gloria
777 1883 880 1950 simul
911 1888 1013 1972 atque
1037 1883 1105 1951 otio
1132 1881 1302 1951 frueretur
1320 1887 1345 1948 ¹.

334 1991 414 2060 Boni
428 1991 532 2080 igitur
545 1991 627 2056 civis
640 1989 750 2057 officio
764 1990 914 2057 comicus
941 1988 1163 2058 novatoribus
1185 1987 1347 2056 instando

334 2097 486 2186 se'fungi
504 2095 744 2177 arbitrabatur,
764 2098 936 2186 ingruenti
961 2097 1043 2165 vitio
1070 2117 1201 2165 moram
1221 2097 1345 2170 lacere.

333 2212 366 2274 et
386 2210 539 2273 avertere
562 2205 759 2294 perniciem.
790 2207 828 2272 Et
852 2207 932 2295 quia
959 2226 1072 2275 rueres
1095 2211 1251 2275 veterum
1276 2226 1347 2274 non

333 2314 383 2381 fas
399 2320 471 2381 erat
485 2333 504 2379 a
520 2315 627 2402 prisca
644 2312 808 2402 religiono
824 2311 1003 2393 divellere,
1022 2333 1206 2381 commune
1226 2333 1345 2381 eorum

336 2420 480 2510 professi
496 2428 577 2488 sunt
596 2421 831 2508 patrocinium.
851 2423 926 2490 Non
943 2421 1126 2502 immerito,
1150 2423 1179 2490 si
1197 2421 1349 2488 humana

334 2547 432 2594 mens
451 2526 493 2593 ad
520 2527 686 2616 ampliora
710 2527 851 2594 excitata
871 2529 1012 2596 consilia
1027 2529 1145 2618 gloriae
1175 2529 1346 2608 stimulis,

334 2640 367 2702 et
387 2633 505 2702 altiore
521 2633 654 2703 erudita
670 2633 835 2712 doctrina,
854 2636 942 2702 intra
957 2643 1067 2704 certos
1085 2637 1171 2704 fines
1191 2637 1349 2703 immuta-

333 2740 412 2808 bilis
435 2741 622 2810 consistere
640 2748 767 2829 posset,
791 2740 819 2808 si
835 2742 950 2832 legum
966 2745 1166 2812 auctoritate
1181 2745 1228 2810 ita
1249 2743 1351 2810 refra-

335 2849 420 2927 nari‚
442 2855 479 2916 ut
502 2847 675 2938 simplices
696 2869 808 2918 mores
832 2871 911 2916 cum
937 2852 1106 2939 exquisita
1133 2851 1349 2940 ingeniorum

335 2956 466 3024 cultura
481 2956 654 3024 retineret.
673 2955 737 3024 Sed
761 2976 800 3025 ea
825 2957 966 3026 demum
991 2964 1044 3026 est
1070 2958 1222 3026 hominis
1248 2978 1349 3026 mens

336 3069 374 3133 ut
397 3069 493 3153 parto
521 3063 611 3133 bono
633 3085 810 3152 nunquam
837 3063 968 3153 placide
987 3065 1130 3145 fruatur,
1156 3071 1191 3132 at
1213 3063 1350 3154 propria

335 3191 396 3240 sua
413 3172 444 3239 vi
460 3171 503 3238 ad
519 3173 648 3260 majora
673 3190 809 3259 semper
827 3171 964 3254 tendat,
989 3179 1023 3241 ot
1039 3171 1161 3262 optimi
1179 3170 1349 3241 desiderio

335 3279 516 3368 praesentia
530 3277 713 3345 commoda
730 3298 797 3344 non
815 3277 949 3346 dubitet
971 3280 1138 3348 amittere.
1167 3279 1349 3349 Prudenti-

335 3385 400 3453 bus
420 3383 524 3474 igitur
548 3384 642 3464 virle,
669 3385 727 3472 qui
752 3390 882 3454 eeteros
908 3386 1072 3468 inludia,
1102 3388 1220 3456 rostris
1247 3391 1350 3474 atquo

337 3492 469 3560 theatro
493 3490 701 3559 erudiendos
726 3493 917 3583 suscipiunt
932 3501 966 3562 et
981 3493 1214 3574 delectandos,
1232 3494 1279 3562 ita
1297 3499 1351 3563 est

336 3596 508 3687 agendum
525 3619 568 3666 no
585 3598 815 3688 progredienti
832 3601 1037 3668 humanitati
1061 3622 1215 3691 unquam
1238 3601 1349 3670 obsis-

338 3709 421 3784 tant,
440 3710 479 3772 ut
498 3711 680 3795 uagantem
696 3714 730 3774 et
745 3713 915 3776 errantem
932 3714 1122 3778 coerceant.

366 3916 376 3952 ¹
522 3917 670 3980 Εὐδαίμονες
682 3917 702 3968 δ’
714 3917 777 3980 ἦσαν
793 3919 832 3985 ἄρ’
845 3923 869 3970 ot
879 3925 962 3980 ζῶντες
976 3920 1025 3971 τότ’
1036 3922 1077 3972 ἐπί

523 3999 578 4062 Τῶν
592 3999 726 4063 προτέρων.
1036 4003 1111 4060 Ntcb¹¹
1129 4006 1198 4052 toas.

365 4079 401 4128 Gi.
420 4079 533 4141 Galam,
555 4079 664 4140 Froym„
684 4083 738 4130 228.
754 4081 879 4148 Μακάριος
897 4079 954 4142 lvd
974 4082 1022 4146 πρὸ
1037 4088 1081 4133 τοῦ
1094 4083 1146 4148 βίος
1160 4083 1271 4150 βρότοισι
1292 4081 1352 4147 πρὸς

244 4179 249 4189 ·
335 4159 431 4218 τὰνῦν,
450 4176 506 4208 m.
517 4161 551 4220 λ.,
567 4163 590 4208 ot
606 4161 734 4221 sennenn,
748 4161 841 4228 srapm.
858 4163 967 4225 (Nauck),
986 4166 1040 4214 258.
