3156 5082
782 507 923 560 ,78-

339 633 500 704 verentim
520 633 645 702 veteris
660 633 800 722 signaet
814 632 956 722 vestigia
970 637 1172 722 appareant,
1190 633 1250 702 sed
1265 633 1370 704 foedae

339 739 565 830 turpitudinis
579 741 695 807 omniu
711 739 811 827 [alena
828 740 897 806 sint
918 763 924 804 :
947 745 1059 806 tumen
1087 761 1157 808 nou
1179 741 1244 809 hos
1266 741 1365 823 deos

339 869 426 938 qnos
443 847 583 916 irridere
600 845 747 928 videtur,
774 846 835 914 sed
861 847 1092 916 Athenienses
1121 855 1271 934 accusat,
1303 871 1365 918 su-

341 958 533 1048 perstitioni
550 957 701 1046 cujusvis
717 957 852 1044 generis
867 955 1015 1039 deditos,
1038 965 1103 1027 etc.
1126 963 1133 1006 ¹
1155 985 1185 1025 ».
1200 959 1365 1027 Praeclara

340 1085 423 1134 sane
442 1085 461 1132 a
481 1063 785 1153 superstitionibus
810 1063 888 1131 illos
913 1065 1095 1132 amovendi
1125 1066 1222 1146 rotie,
1246 1064 1274 1133 si
1301 1066 1363 1132 Mi—

339 1180 451 1242 nervat
481 1173 730 1261 Neptunusque
769 1171 933 1239 conviciis
977 1171 1233 1256 obruuntur,si
1265 1174 1361 1241 nulla

340 1277 516 1368 religionis
533 1277 642 1346 forma
659 1277 765 1344 illaesa
780 1283 839 1345 ant
855 1276 988 1345 ridiculi
1007 1299 1129 1368 expers
1146 1283 1301 1348 maneat!

385 1387 480 1454 lilius
496 1405 576 1454 vcro
589 1384 721 1474 judieii,
750 1385 829 1472 quio
851 1385 971 1453 multis
988 1407 1048 1474 pro
1068 1407 1149 1456 vere
1167 1395 1268 1476 atque
1283 1409 1360 1476 pro-

232 1533 235 1540 ι
343 1495 420 1562 tato
449 1499 666 1581 assumptum
703 1497 767 1570 est,
795 1491 1059 1561 fundamentum
1094 1495 1194 1562 nobis
1217 1495 1360 1584 propius

341 1623 380 1670 ex
386 1600 591 1690 plorandum
606 1602 682 1680 orit,
703 1619 746 1667 uo
760 1601 966 1690 praecipuam
984 1600 1087 1689 hujus
1103 1602 1255 1670 materiae
1270 1600 1359 1667 dilli-

340 1710 504 1778 cultatcm
525 1707 687 1796 effugisse
702 1707 892 1776 videamur.
913 1707 977 1776 Sed
1002 1710 1203 1797 priusquam
1220 1709 1263 1776 ad
1284 1729 1357 1778 rem

340 1820 448 1907 ipsam
477 1817 668 1894 veniamus
698 1816 893 1882 criticorum
926 1815 1228 1885 celeberrimorum
1266 1817 1356 1884 evol-

340 1924 462 1993 vendae
475 1929 556 1990 sunt
576 1924 896 2002 commentationes,
913 1925 941 1990 si
965 1924 1023 2011 qui
1051 1924 1139 1992 forte
1159 1925 1357 2014 Aristopha-

339 2052 412 2099 nerc
434 2030 620 2118 impietatis
654 2029 819 2096 rationem
848 2029 1058 2118 prohabilem
1090 2031 1260 2100 ediderint
1289 2051 1355 2119 qna

341 2138 447 2226 possit
463 2157 540 2204 cum
558 2136 724 2224 religione
743 2137 934 2224 ingratiam
953 2137 1074 2206 redire.

382 2244 532 2314 Occurrit
574 2245 610 2310 in
650 2244 767 2333 primis
797 2244 912 2332 opinio
943 2264 1061 2313 corum
1104 2247 1161 2334 qui
1204 2245 1355 2314 ridiculae

338 2353 473 2442 Olympi
501 2351 756 2432 deformationi,
788 2353 822 2418 iu
851 2357 934 2418 Pace
961 2352 1150 2438 praesertim
1187 2355 1290 2439 atque
1312 2352 1352 2417 ‘in

341 2467 475 2540 Auitus,
495 2460 581 2526 nihil
596 2458 689 2526 aliud
704 2459 817 2529 inesse
830 2459 952 2528 volunt
966 2479 1069 2548 qnam
1085 2458 1226 2526 liberam
1247 2458 1352 2546 tragi-

337 2588 455 2636 corum
470 2568 712 2656 epieorumqne
724 2578 874 2657 παρῳδῑαν,
893 2567 966 2635 sine
979 2566 1047 2634 ullo
1058 2565 1354 2656 pcetaovolnntate

338 2675 422 2744 deos
437 2682 496 2742 aut
515 2694 609 2742 sacra
627 2675 732 2762 patria
748 2675 940 2744 lacessendi
959 2679 982 2742 2.
1003 2674 1099 2752 Quod
1121 2676 1192 2762 jam
1211 2673 1352 2744 secundi

336 2789 460 2850 Aetam
475 2783 668 2872 argumenti
688 2787 806 2850 auctor
829 2783 1041 2852 intellexisse
1061 2783 1156 2851 visus
1177 2790 1229 2852 est
1250 2789 1352 2870 atque

336 2891 383 2958 ita
402 2892 560 2981 exposuit
580 2914 587 2955 ἕ
607 2905 678 2966 Τινὲς
700 2900 727 2959 δέ
741 2925 805 2980 φασι
818 2905 863 2960 τὸν
882 2909 992 2965 ποιητήν
1011 2906 1060 2968 τὰς
1074 2907 1099 2958 ἐν
1114 2913 1175 2968 ταῖς
1192 2900 1353 2981 τραγῳδίαις

335 3013 520 3088 τερατολογίας
538 3013 563 3067 ἐν
578 3015 622 3088 μὲν
645 3009 732 3075 ἄλλοις
750 3011 899 3088 διελέγχειν,
920 3016 943 3068 ἐν
960 3009 986 3068 δὲ
1000 3021 1056 3076 τοῖς
1070 3018 1115 3068 νῦν
1138 3017 1184 3072 τήν
1199 3019 1247 3074 τῆς
1263 3032 1354 3086 γιγαν-

334 3123 470 3197 τομαχίας
495 3121 648 3196 συμπλοκήν
670 3120 746 3176 ἕωλον
777 3123 924 3196 ἀποφαίνων
954 3117 1054 3197 ὄρνισιν
1082 3117 1158 3176 idme
1187 3117 1352 3197 διαφέρεσθαι

334 3231 401 3305 πρὸς
418 3232 490 3293 θεοὺς
504 3232 562 3305 περὶ
580 3237 627 3292 τῆς
645 3230 734 3304 ἀρχῆς
751 3228 776 3282 3.
795 3217 869 3284 Non
893 3217 990 3283 {illidi
1015 3216 1145 3304 Trygaei
1169 3213 1212 3282 ad
1232 3214 1350 3301 Olym-

335 3343 417 3410 pum
432 3324 495 3390 iter
513 3330 547 3390 ct
561 3344 639 3410 quae
655 3322 737 3396 inde
755 3328 946 3410 sequuntur
956 3322 1098 3402 facetiae,
1118 3342 1188 3390 non
1199 3320 1282 3389 deos
1296 3322 1349 3410 ip-

335 3450 392 3497 sos
412 3435 545 3518 petunt,
564 3428 624 3498 sed
638 3433 905 3514 Bellerophonte,
932 3429 1103 3519 Euripidis
1132 3428 1347 3518 tragoediam,

334 3538 431 3626 cujus
447 3539 480 3604 in
498 3538 640 3627 prologo
658 3544 831 3606 narratum
847 3538 955 3606 fuisse
983 3545 1133 3626 apparet,
1151 3536 1292 3606 heroem
1313 3535 1348 3600 in

332 3646 499 3734 aligerum
520 3647 687 3734 Pegasum
711 3645 907 3715 ascendisse
933 3652 970 3712 ut
996 3645 1031 3712 in
1049 3644 1177 3712 eoelum
1202 3642 1245 3710 aa
1264 3642 1349 3710 deos

333 3752 485 3820 evolaret
504 3752 529 3818 4.
550 3753 612 3830 Qui
632 3773 710 3820 cum
730 3752 893 3822 inductus
914 3752 978 3820 fuit
1002 3752 1036 3818 in
1064 3771 1202 3820 scenam
1227 3770 1347 3840 super-

363 3969 371 4003 ¹
391 3969 626 4029 llannn,1lriatopd.
645 3971 699 4031 ed„
718 3969 729 4031 ξ
745 3975 768 4018 9.

362 4049 373 4083 ²
390 4053 417 4098 ln
432 4051 519 4110 primis
534 4052 679 4107 errrcnn,
695 4050 818 4110 Aristoplc.
835 4050 972 4110 impunitus
986 4049 1088 4097 deorum
1102 4046 1228 4108 perititiam
1240 4047 1345 4094 irritor.

361 4129 372 4162 ³
389 4133 459 4190 Apud
475 4135 570 4190 danna,
587 4145 626 4191 op.
641 4132 694 4190 cit,
709 4131 720 4193 Ξ
737 4135 759 4189 9,
775 4133 822 4180 sub
835 4132 893 4180 fine.
1316 4143 1318 4150 ¹

361 4209 372 4244 ⁴
392 4211 418 4259 V.
437 4212 534 4271 Senon,
548 4211 672 4272 aristoph.
687 4212 754 4270 Acta,
769 4213 822 4261 rra.
839 4216 906 4272 Poe,
923 4213 975 4271 llo,
991 4215 1029 4271 76,
1044 4215 1096 4260 les.
1117 4213 1187 4272 llum,
1205 4213 1259 4267 870,
1278 4213 1345 4258 idol.
