3156 5082
350 1765 415 1834 Peg.
434 1762 478 1829 10,
494 1761 545 1816 lin.
563 1761 598 1818 18
613 1776 619 1815 :
636 1775 687 1831 per
700 1759 816 1813 callidos
828 1773 878 1829 pre
894 1757 1070 1829 percallidos.

350 1873 416 1942 Peg.
431 1871 476 1935 26,
492 1870 544 1924 lin.
560 1869 616 1924 22:
633 1884 691 1940 qua
703 1867 852 1922 severitate
864 1881 915 1938 pro
931 1883 988 1938 quc
1000 1865 1158 1920 severitate.

349 1979 415 2048 Peg.
430 1979 475 2044 11,
494 1977 543 2031 lin.
561 1977 578 2031 3
593 1993 599 2031 :
616 1974 745 2031 lianthire
758 1973 942 2045 compellanti
954 1989 1003 2044 pro
1018 1973 1162 2028 Xanthins.

350 2087 416 2154 Peg.
433 2084 544 2150 161111.
561 2083 590 2137 11
607 2099 613 2138 :
631 2083 852 2138 deridendcrum
867 2081 987 2137 deorum
999 2096 1049 2152 pro
1064 2081 1237 2136 deridendae.

350 2194 416 2262 Peg.
434 2191 479 2258 59,
496 2191 553 2248 linc
564 2191 600 2246 25
611 2207 617 2246 :
631 2191 747 2246 leonina
760 2191 834 2263 pelle
845 2191 964 2245 indutus
973 2206 1022 2261 pro
1033 2189 1149 2244 leonina
1160 2191 1244 2260 pelle.

351 2299 416 2370 Peg.
432 2299 477 2367 60,
493 2299 545 2354 lin.
562 2301 615 2353 45:
633 2315 701 2371 erga
722 2299 863 2354 [iacchum
885 2315 982 2352 sensns
1000 2298 1114 2353 futurus
1128 2298 1216 2352 luerit
1231 2313 1282 2372 pro
1298 2313 1365 2370 erga

422 2407 563 2462 Bacchum
578 2407 674 2461 luerit.

349 2517 416 2586 Peg.
433 2514 478 2582 60,
494 2515 544 2569 lin
561 2515 596 2570 29
613 2532 619 2569 :
637 2515 747 2586 Ingenii
761 2515 913 2569 auctoritas
923 2530 974 2586 pre
990 2513 1167 2569 auctoritate.
1205 2566 1207 2569 ,

350 2626 416 2694 Peg.
433 2624 478 2690 61,
495 2641 523 2677 n.
539 2625 566 2692 3,
581 2624 631 2678 lin.
648 2625 684 2678 2:
701 2628 815 2678 vexatas
827 2639 878 2694 pro
894 2627 1019 2678 venetas.

350 2734 416 2802 Peg.
431 2732 477 2792 66.
494 2731 544 2785 lin.
562 2733 611 2786 1-3
625 2748 631 2786 :
648 2732 778 2787 imitatus
789 2749 841 2804 pro
853 2733 990 2788 imitatas.

349 2841 416 2909 Peg.
433 2840 478 2907 71,
495 2838 545 2893 lin.
562 2839 615 2894 10:
634 2839 850 2895 celebrabantur
862 2855 914 2911 pro
928 2841 1132 2896 celebrabatur.

349 2948 416 3016 Peg.
433 2947 478 3013 83,
495 2948 564 3015 112,
579 2947 630 3001 lin.
647 2949 658 3001 1
676 2967 682 3002 :
700 2948 818 3018 Erilbyd.
836 2964 887 3018 pre
901 2949 1005 3019 Erinyn.

350 3056 416 3125 Peg.
433 3055 479 3123 86,
495 3054 546 3110 lin.
561 3057 615 3111 ll:
633 3056 679 3110 eni
692 3055 808 3110 crimini
819 3071 871 3127 pro
887 3056 948 3128 qui.

350 3165 416 3233 Peg.
431 3163 476 3231 95,
492 3181 521 3218 n.
535 3164 563 3233 2,
579 3163 630 3218 lin.
648 3164 683 3218 8:
697 3165 738 3219 Du
755 3164 844 3219 linere
858 3180 909 3235 pro
924 3165 964 3221 Du
981 3167 1064 3222 Miri.

350 3272 416 3342 Peg.
434 3270 497 3337 163,
513 3271 564 3325 lin.
579 3272 616 3325 2:
634 3287 698 3342 quce
713 3287 795 3326 coene
809 3287 859 3342 pro
871 3289 935 3344 quen
951 3289 1038 3328 cenna.

350 3379 416 3447 Peg.
433 3377 496 3444 167,
512 3376 564 3432 lin.
579 3379 631 3430 27:
648 3377 678 3431 in
692 3377 844 3433 discrimen
856 3394 907 3450 pro
920 3381 950 3435 in
966 3382 1160 3439 discriminen.

350 3486 416 3554 Peg.
433 3484 496 3552 169,
512 3484 563 3540 lin.
579 3485 613 3539 28
628 3505 634 3539 :
651 3489 746 3557 posset
760 3491 887 3543 metuere
901 3505 951 3561 pro
966 3492 1061 3562 potuit
1074 3495 1212 3550 metuere,

349 3591 415 3660 Peg.
434 3590 494 3657 120,
510 3590 560 3644 lin.
578 3593 608 3646 11
625 3608 631 3647 :
648 3593 767 3664 petitam
779 3609 830 3665 pre
846 3595 979 3666 peiilnm.

350 3699 415 3768 Peg.
432 3697 493 3764 118,
510 3697 559 3752 lin.
576 3699 610 3753 16
627 3719 633 3753 :
650 3717 746 3754 nonne
762 3701 895 3756 metuisse
910 3718 959 3773 pro
974 3705 1118 3761 metuisse.

754 3945 960 3964 ,κδ-*Ἥ
