3156 5082
207 657 315 735 luisse
327 666 548 755 excogitatos,
566 683 635 754 guo
646 661 1053 734 multitudinemleci'lius
1064 665 1169 734 insue
1180 664 1230 732 di·

208 774 305 841 tione
325 771 514 841 relinerent
532 776 542 820 ¹
565 796 571 838 :

411 1066 512 1118 Γνῶναι
526 1058 582 1118 δέον
597 1064 744 1134 θνητοῖσιν,
760 1051 865 1140 ὶξσίρῶν
880 1060 950 1126 ὅπως

410 970 486 1020 Ami
499 963 600 1028 πυκνός
613 983 654 1028 τις
666 965 713 1024 καὶ
728 965 807 1040 σοφὸς
819 968 923 1042 γνώμην
941 967 1009 1044 ἁνήρ

1239 1060 1272 1118 ‘t‘

412 1155 461 1221 nte
476 1179 503 1215 τι
516 1157 595 1236 διῖμα
608 1168 665 1224 τοῖς
678 1167 824 1218 κακοῖσι...
1272 1004 1297 1186 f

412 1244 534 1314 ἐνταῦθα
549 1251 595 1314 οὖν
610 1259 641 1314 τὸ
655 1261 723 1318 deice
738 1261 910 1336 εἰσηγήσατο.

258 1476 332 1544 Non
341 1474 419 1544 ideo
430 1476 751 1548 tamenlaudatores
760 1477 983 1568 illitemporis
994 1477 1059 1546 acti
1069 1475 1228 1566 abjurant

209 1583 322 1653 levem
337 1583 565 1673 temporissui
576 1585 792 1676 elegantiam,
804 1585 945 1656 frivolos
962 1604 1089 1661 mores,
1101 1589 1136 1652 et
1148 1583 1230 1654 libe-

211 1690 318 1758 riores
347 1689 391 1760 de
418 1691 545 1761 divinis
572 1691 803 1782 humanisque
828 1692 1029 1772 sententias,
1063 1689 1155 1780 quod
1187 1711 1229 1760 ex

210 1795 284 1885 ipsa
302 1798 541 1889 Aristophanis
573 1799 688 1869 fabula
712 1800 842 1880 elucet;
866 1797 1032 1868 invidiam
1052 1797 1144 1866 enirn
1168 1793 1230 1864 de-

212 1913 393 1995 precantur
405 1913 639 1998 spectatorum
654 1913 668 1956 ²
688 1933 696 1974 :

356 2105 398 2161 ul
412 2097 520 2177 φθονεῖθ’
533 2105 597 2178 ἡμῖν
610 2108 710 2178 κομῶσι
725 2097 786 2178 μηδ’
802 2103 1074 2180 ἀπιστὶσῃισμίνσις.

259 2328 350 2406 Quos
361 2330 617 2410 verisimileest,
630 2337 813 2420 postquam
826 2331 872 2398 ita
889 2330 1067 2398 intheatro
1079 2336 1137 2398 aut
1152 2349 1232 2398 con-

215 2436 312 2504 cione
330 2439 447 2526 patriae
465 2438 639 2526 religionis
663 2457 801 2506 causam
830 2437 974 2528 egerint,
997 2438 1087 2506 inter
1109 2435 1232 2526 pocula

215 2542 258 2612 de
270 2543 393 2612 iisdem
414 2544 480 2612 diis
495 2544 668 2613 liberrime
684 2545 846 2624 cavillari,
872 2565 942 2630 non
967 2542 1138 2633 Euripidis
1155 2551 1231 2612 tan·

217 2658 301 2734 tum,
325 2656 362 2718 ut
381 2651 603 2742 Phidippides
621 2653 655 2720 in
672 2656 818 2720 Nubibus
834 2657 859 2733 ³,
877 2651 1230 2732 decantarecarmine,

216 2756 276 2825 sed
307 2758 546 2849 Aristophanis
568 2766 678 2849 poetae
707 2761 758 2829 sui
779 2759 917 2830 facetias
944 2759 1066 2850 imples
1081 2777 1232 2827 comme·

216 2885 360 2934 morare.
377 2866 463 2944 Ouid
480 2866 632 2936 mirum?
652 2869 774 2937 Nonne
788 2867 916 2938 nostris
931 2886 1069 2956 quoque
1084 2871 1231 2955 tempes-

216 2972 342 3041 tatibus
359 2972 475 3043 videre
490 2979 543 3042 est
557 2974 728 3064 ingenuos
743 2975 836 3042 viros
852 2973 993 3054 multos,
1011 2973 1143 3042 liberali
1163 2973 1234 3040 ins-

216 3084 347 3148 tructos
366 3078 532 3162 doctrina,
548 3081 606 3170 qui
619 3080 674 3150 vel
691 3082 844 3150 oratione
865 3081 919 3148 vel
940 3080 1075 3169 scriptis
1095 3098 1157 3169 pro
1172 3097 1233 3145 an·

216 3186 359 3274 tiquitus
383 3187 506 3254 tradita
535 3187 700 3278 religione
727 3188 891 3256 acerrime
917 3185 1103 3266 luctentur,
1129 3203 1234 3274 seque

216 3293 244 3360 si
257 3293 405 3382 privatos
415 3294 558 3363 scrutari
570 3294 801 3374 moresliceat,
812 3291 855 3362 ad
860 3294 1013 3382 jocosam
1023 3312 1234 3382 nonsupers-

217 3399 377 3470 titionum
400 3400 504 3470 modo
520 3400 755 3470 sedarchai'cae
778 3400 859 3470 fidei
880 3400 1072 3470 irrisionem
1093 3400 1233 3490 paratis·
1255 3423 1257 3428 ·

218 3508 325 3578 simos
340 3507 548 3600 perhibent;
580 3509 640 3598 qui
670 3507 806 3598 publico
834 3507 1008 3576 abstinent
1028 3507 1122 3576 cultu
1145 3511 1233 3576 etex

218 3614 332 3704 impiis
343 3614 470 3686 libellis
485 3634 647 3706 magnam
662 3614 923 3684 delectationem
937 3615 1088 3704 capiunt,
1107 3611 1234 3702 simpli-

216 3739 288 3788 cem
307 3725 421 3792 tameu
450 3723 612 3814 pietatem
640 3721 885 3791 commendent
908 3720 1116 3812 junioribus,
1140 3725 1174 3788 ct
1197 3719 1233 3788 in

217 3826 490 3899 incredulitatem
499 3828 804 3899 invehunturtHis
814 3828 1008 3898 simillimos
1024 3827 1132 3897 luisse
1142 3846 1234 3914 equi·

256 4059 265 4094 ¹
282 4061 405 4122 Μυκη,
418 4063 519 4125 braym.
535 4068 611 4124 trop..
626 4063 667 4121 tu,
682 4076 708 4124 p.
725 4065 778 4110 tea.
795 4061 831 4111 cl,
846 4073 931 4122 supra,
946 4073 1001 4122 cup.
1017 4061 1046 4110 11.

255 4139 372 4206 ’uqme.‚
388 4146 441 4192 seo.

254 4219 353 4280 ΗΜ..
371 4225 441 4273 llll.
456 4225 487 4271 Dc
502 4223 636 4286 equitetis,
650 4223 701 4272 vid.
715 4225 759 4272 ln.
772 4223 850 4280 Korn,
865 4224 949 4282 hum,
962 4225 991 4270 σθ
1004 4225 1027 4270 et
1041 4231 1091 4281 seo.
