3156 5082
773 541 933 598 ..403-

348 667 522 737 miliariter
555 667 716 736 utebatur
751 669 907 748 Pericles
941 669 1126 759 impietatis
1149 669 1295 738 accusati
1327 679 1361 740 et

348 776 484 844 Phidias
513 775 640 866 egregii
673 774 766 843 iilius
789 776 850 843 viri
877 777 1008 846 amicus
1032 783 1066 846 et
1091 779 1232 868 Aspasia
1259 799 1357 847 uxor.

348 884 635 974 Philosophorum
655 889 770 951 tamen
797 881 904 950 libelli
934 902 994 973 per
1023 888 1129 954 totam
1150 883 1271 952 urbem
1288 904 1359 952 non

347 991 518 1061 desistunt
537 990 648 1059 evolvi
662 1015 670 1070 ;
685 1011 746 1080 per
768 991 953 1071 Socratem,
972 992 1195 1080 Anaxagcreo
1220 992 1359 1060 instinc-

347 1106 418 1167 tum
433 1099 564 1188 spiritu,
584 1097 644 1167 sed
665 1097 707 1164 ad
723 1098 842 1166 altiora
865 1101 937 1188 jam
961 1105 1174 1188 pergentem,
1192 1099 1228 1167 in
1245 1099 1309 1167 viis
1325 1107 1361 1168 et

343 1205 535 1296 gymnasiis
549 1205 715 1296 sapientia
734 1206 913 1294 apparuit;
940 1226 1018 1272 cnm
1035 1203 1207 1296 Euripide,
1227 1207 1359 1274 Anaxa-

346 1335 438 1404 gorae
453 1313 571 1382 schola
590 1331 741 1402 egresso,
762 1312 932 1380 theatrum
958 1312 1090 1380 invadit
1112 1320 1146 1381 et
1161 1314 1259 1382 iestis
1273 1315 1360 1382 anti-

346 1441 494 1510 quorum
511 1421 695 1488 numinum
707 1418 841 1501 diebus
860 1420 982 1488 Bacchi
994 1420 1234 1489 commendata
1249 1428 1360 1512 patro·

346 1527 434 1594 cinio
448 1527 538 1595 inter
552 1545 627 1594 aras
638 1533 672 1594 et
685 1526 802 1594 altaria
818 1547 932 1596 coram
949 1533 983 1595 et
1000 1526 1125 1616 palam,
1143 1547 1225 1595 ausa
1240 1535 1292 1597 est
1306 1528 1358 1596 lo-

345 1635 415 1722 qui.
445 1635 615 1702 Socratem
642 1633 745 1724 igitur
767 1641 869 1723 atque
894 1633 1091 1724 Euripidem
1110 1635 1359 1724 aggrediuntur

345 1741 367 1809 ii
388 1761 474 1830 quos
495 1760 661 1808 nouarum
676 1760 787 1808 rerum
807 1739 913 1809 studii
932 1741 1051 1809 indies
1067 1741 1359 1830 percrebescentis

346 1847 460 1926 taedet,
478 1849 536 1936 qui
552 1848 761 1915 calamitates
777 1847 856 1916 inde
885 1848 1082 1917 eminenter
1111 1850 1307 1939 reipublicae
1326 1857 1361 1918 et

347 1975 406 2042 per
421 1953 596 2023 liberatem
612 1954 705 2021 iliam
721 1954 938 2043 ingeniorum
951 1958 1120 2025 culturam
1137 1963 1299 2026 verentur
1316 1978 1360 2026 ne

347 2062 476 2130 heliicae
500 2062 645 2148 virtutes
669 2060 847 2129 elabantur
876 2064 1012 2131 animis
1042 2066 1172 2134 Horum
1199 2066 1359 2155 princeps

346 2177 380 2238 et
399 2169 537 2258 ingenio
554 2169 685 2236 ciariis
702 2190 773 2237 suae
793 2170 989 2240 conditione
1010 2173 1280 2262 Aristophanes:
1299 2194 1359 2240 cu·

341 2279 397 2366 jus
413 2297 482 2344 non
509 2276 592 2344 libet
616 2277 650 2344 in
680 2277 874 2366 Euripidem
902 2280 1143 2368 Socratemque
1170 2282 1359 2370 grassantis

346 2386 507 2472 speciem,
540 2406 557 2451 a
584 2385 699 2452 multis
720 2387 791 2474 jam
822 2406 1032 2476 expressam,
1054 2387 1266 2468 instaurare,
1298 2388 1358 2456 sed

344 2490 519 2578 quomodo
532 2489 698 2560 adversus
714 2491 791 2558 ilios
820 2514 880 2581 pro
897 2493 1070 2562 veteribus
1093 2493 1247 2562 morihus
1267 2513 1357 2562 acer·

345 2597 431 2664 rime
451 2596 649 2686 pugnando,
669 2598 723 2664 vix
740 2605 773 2666 et
794 2601 960 2690 tragici'et
976 2600 1174 2689 philosophi
1201 2602 1358 2690 impieta-

347 2707 415 2770 tem
448 2703 542 2770 visus
577 2705 621 2769 sit
658 2723 786 2784 curare,
823 2707 1090 2794 explorabimus,
1122 2707 1164 2774 ab
1199 2708 1358 2798 Euripide

345 2811 469 2876 exorsi.
734 2870 762 2902 ,s

391 2917 551 2984 Omnium
561 2938 647 3006 quos
659 2917 777 2986 eadem
790 2926 872 2986 aetas
884 2920 971 2998 tulit,
982 2941 1024 2988 ne
1036 2923 1206 2990 Socratem
1218 2922 1357 3010 quidem

241 3066 243 3071 -
346 3024 550 3112 exceperim,
567 3026 626 3112 qui
642 3025 792 3114 ingenia,
809 3025 974 3105 doctrina,
989 3027 1158 3116 elegantia
1173 3031 1355 3107 sermonis,

345 3131 540 3200 divinorum
564 3132 864 3222 humanorumque
880 3136 1074 3224 cognitione
1095 3136 1254 3204 homines
1275 3138 1358 3204 anti-

344 3238 485 3326 quitatis
512 3238 655 3307 iiherare
682 3240 828 3306 uinculis
855 3247 889 3308 et
910 3242 1131 3329 exquisitiore
1147 3245 1289 3313 scientia
1308 3246 1357 3312 in-

344 3345 492 3413 formare
512 3353 697 3425 tentarunt,
724 3346 901 3435 Euripides
926 3351 1003 3438 jure
1037 3349 1218 3418 habebitur
1251 3373 1356 3440 preas-

346 3451 571 3529 tantissimus,
591 3472 660 3518 non
677 3451 754 3520 ideo
771 3454 883 3521 solum
895 3455 986 3542 quod
1000 3457 1140 3544 poeticis
1155 3459 1356 3547 sapientiam

334 3557 599 3628 commendavit
614 3559 843 3642 facultatibus,
867 3562 926 3632 sed
948 3571 1028 3631 ante
1047 3567 1163 3632 omnia
1182 3566 1263 3654 quia
1279 3585 1357 3633 nas-

344 3665 455 3734 centia
470 3667 653 3754 aequalium
669 3689 811 3736 suorum
832 3669 945 3736 studia
970 3673 1155 3759 perspexit,
1179 3671 1275 3739 etad
1305 3692 1357 3740 re-

344 3770 539 3839 novandam
559 3772 812 3843 humanitatem
824 3777 892 3842 rim
905 3796 1002 3842 suam
1015 3797 1156 3846 omnem
1168 3777 1313 3846 contulit
1332 3783 1355 3847 ¹.

329 3880 393 3958 ,ite
409 3879 472 3946 sibi
484 3885 700 3968 posterorum
716 3881 929 3950 conciliando
946 3883 1221 3966 admirationem,
1238 3906 1357 3954 eorum

345 3985 679 4056 animaduersionem
700 3994 734 4055 et
763 3989 957 4057 inimicitias
977 3991 1094 4071 subiit,
1110 3993 1168 4080 qui
1181 3991 1267 4062 falsa
1283 4013 1358 4082 spe-

321 4231 328 4246 ’
376 4219 384 4252 ¹
405 4219 439 4267 Ei.
455 4222 632 4278 Nasamones,
650 4220 782 4270 Nucthom.
803 4221 887 4284 tract,
906 4224 967 4278 Viti,
982 4224 994 4268 7
1008 4227 1031 4270 et
1042 4236 1092 4282 seq.
