3156 5082
760 517 919 574 -llt-

333 644 427 714 illius
437 647 607 732 praecepta
624 641 675 723 ire
690 641 827 712 obviam
841 640 995 732 putabat.
1014 641 1063 708 De
1079 639 1253 711 infamatis
1267 657 1349 708 vero

335 758 370 820 et
390 749 523 840 negatis
545 748 746 818 numinibus
772 768 918 836 quornm
943 746 1013 816 lide
1037 753 1139 836 atque
1161 745 1349 836 patrocinio

334 857 515 948 disciplina
529 856 587 922 illa
608 862 760 934 steterat,
788 874 909 944 parum
924 854 980 921 161
1010 854 1097 920 nihil
1123 860 1230 931 curat,
1245 860 1350 940 atque

334 963 482 1055 impium
495 959 692 1052 Euripidem
706 960 865 1029 absolvit.
890 961 978 1039 Quin
1007 962 1089 1040 imo,
1108 961 1178 1028 11111
1208 979 1350 1028 omnem

333 1069 475 1160 ingenii,
497 1067 694 1136 facundiam
718 1069 897 1146 comicum,
915 1067 1147 1156 eloquentiam
1178 1067 1238 1146 ira,
1258 1064 1349 1132 indi-

332 1177 507 1266 gnatione,
518 1181 614 1246 metu
627 1194 805 1244 accensam
818 1194 926 1262 quum
940 1173 1148 1264 loquacitati,
1168 1171 1350 1262 impuden-

334 1283 401 1362 tiae,
418 1282 576 1372 ignaviae,
600 1279 776 1361 socordiae,
799 1282 898 1348 novis
914 1286 995 1348 tunc
1006 1281 1111 1359 vitiis,
1134 1277 1350 1348 refrenandis

334 1394 369 1456 et
392 1387 598 1464 damnandis
625 1386 783 1468 adhibet,
800 1387 884 1456 dum
899 1407 940 1455 ex
954 1386 1059 1456 altera
1080 1391 1175 1475 perte
1199 1385 1255 1453 vix
1279 1385 1349 1452 leni

334 1495 406 1562 risu
438 1500 472 1562 61
500 1495 616 1582 paucis
643 1499 777 1562 tantum
802 1492 971 1572 versibus,
996 1491 1094 1584 deos,
1114 1498 1261 1586 ueteres¹
1277 1498 1350 1580 tuc-

335 1606 413 1681 tur;
435 1620 544 1686 quum
559 1599 727 1688 maj0rum
749 1598 877 1679 virtuti,
895 1599 1107 1680 constantim,
1129 1597 1273 1668 castitati
1290 1617 1349 1686 op·

334 1707 454 1774 timam
469 1707 523 1775 sul
547 1708 661 1796 operis
679 1713 823 1796 partem,
855 1704 1143 1796 splendidissimis
1165 1704 1349 1773 verborum

334 1813 654 1902 sententiarumque
676 1814 887 1882 ornamentis
914 1811 1084 1882 illustrem
1109 1811 1246 1891 dicavit,
1264 1811 1348 1878 dum

335 1921 452 2008 patriae
478 1919 653 2008 religionis
686 1920 802 1988 tutelae
827 1925 861 1987 et
881 1917 1053 1998 laudibus,
1083 1919 1149 1986 nisi
1168 1920 1202 1986 in
1231 1918 1348 2006 lyricis

335 2046 412 2114 quae
440 2025 631 2114 imperabat
661 2025 875 2094 consuetudo
899 2026 1119 2106 carminibus,
1141 2027 1255 2094 locum
1277 2025 1349 2092 fere

334 2131 469 2199 nullum
485 2138 544 2199 aut
560 2130 744 2199 ridiculum
765 2133 945 2212 concessit,
958 2133 1129 2202 affirmare
1144 2131 1272 2212 licebit,
1286 2134 1349 2198 im-

335 2238 498 2327 pietatem
525 2237 589 2305 sihi
622 2238 793 2328 Euripidis
818 2259 888 2306 non
912 2238 998 2308 adeo
1031 2239 1269 2328 displicuisse,
1287 2237 1346 2326 qui

334 2352 452 2414 contra
471 2346 506 2412 in
527 2365 568 2414 6ο
588 2344 726 2414 videtur
741 2345 847 2414 luisse
867 2352 905 2412 ut
921 2346 1086 2434 impietati
1099 2346 1148 2412 illi
1162 2345 1347 2412 assentire·

335 2458 402 2533 tur,
421 2472 491 2532 non
506 2452 619 2520 solum
640 2453 720 2540 quie
732 2453 805 2540 ipse
830 2452 913 2521 deos
941 2471 1103 2541 sacraque
1119 2472 1210 2542 saepe
1228 2451 1350 2518 hahuit

334 2558 496 2640 ludibrio,
510 2558 571 2626 sed
587 2558 689 2626 etiam
711 2559 790 2647 quia
814 2579 876 2648 pro
900 2560 949 2628 eis
973 2567 1032 2626 aut
1059 2558 1201 2627 ridicule
1225 2557 1347 2638 oravit,

334 2671 448 2732 autea
467 2664 651 2752 aliquando
667 2670 783 2754 aperte
799 2665 960 2760 prodidit.

809 3049 872 3115 53.

381 3299 480 3368 Nulla
499 3299 570 3368 fere
584 3300 729 3387 quaestio
752 3319 869 3368 earnm
892 3319 970 3386 quae
996 3297 1038 3366 ad
1065 3299 1195 3368 litteras
1219 3319 1348 3390 graecas

337 3403 521 3491 pertinent,
544 3404 653 3492 magis
671 3402 851 3472 doctorum
880 3405 1061 3473 hominum
1080 3406 1276 3474 sollicitavit
1289 3427 1349 3474 ou-

336 3527 410 3576 ram
441 3513 543 3597 atque
577 3508 755 3598 ingenium
784 3531 887 3600 quam
907 3512 1148 3601 Aristophanis
1175 3513 1347 3606 Socratem

335 3613 532 3682 infamantis
547 3615 583 3683 in
603 3635 706 3684 scena
722 3615 875 3702 audacia,
898 3637 1003 3694 error,
1023 3618 1174 3687 immane
1187 3619 1346 3688 facinus:

334 3738 448 3808 neque
474 3721 609 3808 injuria.
633 3722 786 3792 Socrates
816 3723 908 3791 enim
938 3724 1101 3792 doctrinae
1133 3724 1347 3806 excellentia,

336 3825 457 3892 mortis
476 3825 578 3906 fama,
596 3827 844 3918 discipulorum
869 3832 994 3920 pietate
1013 3851 1089 3900 eam
1110 3832 1176 3899 sibi
1191 3838 1349 3922 postero-

333 3951 413 3998 rum
437 3937 647 4022 comparavit
671 3937 929 4006 venerationem
948 3957 1025 4026 quae
1044 3939 1184 4007 nonnisi
1199 3942 1349 4027 optimos

335 4039 502 4124 sequitur.
523 4040 770 4128 Aristophanes
788 4049 907 4110 contra
922 4043 1024 4110 talem
1045 4043 1138 4111 hunc
1153 4045 1263 4111 virum
1281 4053 1348 4112 tra-

334 4143 505 4226 ducendo,
530 4147 699 4216 comoedia
721 4149 929 4238 suocapitali
949 4150 1078 4238 jndicio
1105 4171 1173 4238 quo
1202 4158 1351 4240 quatuor
