3114 5088
759 501 898 557 ..⁴2-

322 625 365 695 a'd
379 626 532 695 Threicia
549 625 724 696 transtulit
736 627 890 706 numina,
905 625 1066 696 Heracles
1078 643 1205 715 nempe
1215 631 1250 694 et
1263 627 1344 694 Bac-

323 733 408 802 cbos
431 733 671 816 multiformes
692 755 839 823 quorum
864 734 957 802 cultu
986 733 1118 804 externi
1145 733 1344 802 sacerdotes

323 840 506 932 populares
527 841 789 932 superstitiones
807 860 945 930 pascere
972 847 1006 910 et
1029 841 1146 910 lovere
1168 841 1339 908 solebant.

324 950 365 1018 Hi
388 967 506 1017 revera
525 947 692 1017 adversus
713 947 840 1037 patrios
856 947 940 1016 deos
957 947 1102 1024 Athenis
1119 953 1153 1016 et
1169 947 1204 1015 in
1221 946 1345 1035 Olqm-¹

324 1055 379 1144 pia
398 1055 474 1123 aula
502 1055 654 1122 aemulari
673 1054 880 1124 videbantur
902 1060 936 1123 et
959 1054 1002 1122 ab
1028 1055 1177 1144 antiquis
1203 1056 1340 1122 Graeoos

324 1160 510 1230 avertendo
533 1163 611 1243 aris,
634 1183 780 1252 regnum
803 1161 867 1229 sibi
895 1167 1063 1230 terrarum
1092 1162 1248 1250 conique,
1278 1182 1338 1230 ex-

325 1274 420 1336 truso
435 1269 518 1338 Jove
532 1274 566 1338 et
577 1270 698 1338 ceteris
710 1268 787 1349 diis,
803 1268 988 1337 vindicare.
1002 1269 1044 1337 Hi
1057 1271 1130 1358 jam
1145 1289 1262 1360 πατρῷοι
1277 1289 1339 1358 pro

324 1374 480 1466 Apolline
496 1382 529 1444 et
542 1377 625 1445 love
640 1377 757 1444 multis
773 1378 807 1445 in
823 1377 958 1446 civitate
978 1383 1060 1444 sunt
1072 1376 1151 1445 lecti
1170 1381 1195 1442 ¹.
1211 1378 1249 1444 ln
1270 1377 1337 1444 hos

327 1482 536 1564 invehendo,
553 1503 593 1551 ex
610 1484 703 1551 omni
721 1489 816 1574 parte
829 1483 1018 1552 doctissimi
1034 1484 1097 1552 riri
1111 1483 1231 1552 laudes
1245 1483 1341 1551 Aris-

269 1629 271 1636 ·
327 1589 495 1679 topbanes
509 1590 651 1659 meritus
667 1597 739 1660 est:
759 1591 1019 1659 «Athenienses
1034 1596 1180 1670 accuset,
1200 1609 1341 1678 supers-

327 1695 438 1766 titioni
450 1698 601 1786 cujusvis
615 1698 751 1788 generis
762 1697 910 1786 deditos
923 1717 1011 1766 nova
1028 1698 1191 1785 mysteria
1206 1717 1343 1787 semper

327 1823 504 1893 novasque
527 1805 710 1894 religiones
736 1805 986 1895 excogitantes,
1012 1805 1086 1894 ipso
1112 1803 1343 1894 philosophiae

328 1910 442 1979 studio
467 1912 502 1977 in
522 1913 627 1979 sacris
648 1912 789 2001 privatis
811 1912 1026 2002 publicisque
1052 1913 1097 1979 ita
1121 1911 1284 1980 confusos
1308 1918 1344 1979 et

328 2016 558 2106 perturbatos,
572 2023 610 2085 ut
623 2018 725 2086 variis
734 2018 906 2087 erroribus
917 2018 1085 2087 obnoxios
1096 2040 1133 2088 se
1144 2018 1340 2088 ostendant.

327 2123 454 2213 lljicite,
468 2125 526 2205 ait,
540 2146 616 2213 quae
628 2125 841 2194 extrinsecus
854 2126 908 2194 his
919 2126 1050 2194 ultimis
1061 2127 1161 2194 annis
1173 2127 1208 2192 in
1220 2126 1341 2194 urbem

328 2229 550 2312 invaserunt;
569 2230 679 2300 tollite
696 2252 809 2300 rerum
830 2253 999 2302 novarum
1016 2232 1169 2301 studium
1186 2234 1220 2300 in
1238 2232 1343 2301 rebus

329 2337 432 2405 sacris
443 2339 537 2407 intus
551 2337 714 2429 domique
725 2347 882 2409 exortum
897 2365 904 2406 :
921 2347 1062 2430 paterno
1073 2359 1170 2408 more
1180 2341 1245 2408 nisi
1257 2338 1342 2408 deos

329 2445 521 2526 colueritis,
547 2447 733 2535 quominus
761 2447 843 2516 urbs
865 2448 979 2516 subito
1000 2447 1159 2517 incendio
1183 2447 1340 2517 concidet

329 2571 399 2619 non
414 2553 607 2642 impedietis
625 2559 651 2620 ².
673 2581 690 2616 »
954 2547 957 2553 ’

381 2665 427 2731 De
446 2662 587 2732 nomine
599 2661 703 2750 igitur
718 2661 943 2729 Triballorum
962 2681 1065 2751 quam
1081 2662 1254 2732 liberrime
1269 2663 1342 2730 Pis-

329 2772 643 2860 thetaerusjocatur,
655 2771 713 2858 qui
726 2783 872 2860 upreoettta
889 2785 942 2841 ἀπὸ
955 2789 1002 2840 τοῦ
1017 2785 1180 2861 trapeam
1192 2770 1342 2839 defluere

329 2883 476 2952 affirmat
494 2883 519 2946 ³.
547 2878 782 2962 Prometheus,
809 2877 954 2968 Olympo
975 2878 1162 2968 transfuga,
1189 2878 1265 2947 illos
1281 2879 1341 2947 de-

329 2989 440 3080 pingit
456 2986 618 3056 berbaros
633 2984 730 3065 deos,
747 2991 966 3075 exasperatos
985 2985 1086 3065 fame,
1103 2984 1269 3055 adversus
1284 2986 1341 3054 lo·
1358 2991 1362 2996 '

330 3118 408 3166 vem
426 3095 632 3166 rebellantes
654 3101 688 3162 et
707 3099 860 3162 extrema
874 3113 1019 3182 quaeque
1037 3113 1192 3173 ausuros,
1211 3095 1246 3161 ni
1263 3113 1341 3162 cum

330 3205 451 3274 avibus
464 3210 561 3294 pacto
573 3202 712 3281 foedere,
727 3200 782 3267 via
792 3221 911 3267 rursus
921 3199 960 3266 ad
974 3205 1204 3269 commeatum
1214 3207 1339 3291 pateat.

330 3312 515 3381 Triballum
537 3309 662 3377 deinde
678 3309 712 3374 in
736 3327 838 3376 scena
852 3307 969 3376 videre
991 3315 1044 3378 est
1061 3310 1087 3391 ⁴,
1109 3311 1213 3378 atroci
1230 3311 1339 3391 vultu,

329 3419 471 3486 hirsutis
493 3416 657 3496 crinibus,
673 3422 752 3505 toga
781 3416 871 3483 male
890 3415 1076 3498 defluente,
1104 3418 1158 3484 cui
1181 3417 1341 3508 indigna-

330 3525 469 3594 bundus
497 3523 676 3592 barbaram
703 3521 926 3592 stoliditatem
944 3524 1125 3614 Neptunus
1147 3524 1340 3614 exprobrat,

330 3632 536 3702 facetissime
550 3630 773 3700 exclamando
791 3655 798 3698 :

361 3865 370 3902 ¹
383 3868 438 3924 Ao..
456 3869 515 3916 teas
530 3869 554 3914 et
567 3877 618 3924 seq.
630 3865 667 3914 Οὐ
680 3863 735 3932 γάρ’
745 3866 794 3916 alm
807 3865 926 3929 βάρὸαροι
937 3864 992 3914 ὅθεν
1002 3862 1137 3929 ὁπατρῷός
1154 3865 1219 3914 ἐστιν
1232 3861 1343 3924 Ἐξηκεσ-

329 3949 478 4085 τίὶῃέιιπιε,
491 4025 615 4087 Areopa.
632 4026 686 4083 uit,
702 4025 714 4087 fl
730 4029 753 4073 9.

360 4103 437 4162 Uti„
454 4110 523 4164 15³0,
543 4110 611 4156 1520.

361 4184 458 4246 ⁴1uu,
475 4191 534 4237 resa
549 4191 573 4240 ar
588 4201 639 4248 seq
